2548 4290
388 178 631 220 Commeat.
662 177 742 218 111.
797 178 867 218 De
898 178 1125 219 Primatus
1159 190 1258 218 cum
1291 179 1493 219 Romana
1524 178 1628 219 sede
1659 182 1949 220 connexione.
2171 177 2269 228 147

66 324 296 392 ideoque
336 325 542 373 certum
581 339 688 373 non
728 325 939 373 tantum
989 322 1143 373 certi-
1190 326 1264 385 ut,
1305 321 1395 389 qui
1431 321 1595 373 Petro
1634 321 1690 372 in
1716 321 2049 392 Episcopatu
2088 336 2271 371 succe-

65 402 251 456 tudine
298 400 614 470 simpliciter
664 401 901 452 humana
954 418 1015 453 ac
1066 401 1143 451 hi·
1192 399 1285 466 dit,
1326 400 1426 452 hoc
1465 400 1582 469 ipso
1620 401 1676 451 in
1716 402 1830 453 eius
1861 402 2160 452 Primatum
2202 417 2272 452 ex

65 481 277 546 storica,
316 479 411 532 sed
449 479 886 532 infallibilitatis.‘
926 542 929 545 Α
1193 478 1392 532 Christi
1432 479 1781 548 dispositione
1822 480 2110 533 succedat.‘

212 623 397 690 „Haec
426 623 771 676 conformitas
800 626 988 694 capitis
1015 624 1237 677 secundi
1268 625 1322 675 in
1350 625 1622 677 schemate
1651 642 1771 676 cum
1798 624 2075 693 praedicta
2113 623 2274 676 tertia

65 707 440 775 theologorum
490 708 758 759 sententia
813 708 1237 777 deprehenditur
1293 708 1455 760 etiam
1508 725 1578 759 ex
1629 708 1854 776 pristino
1895 725 2126 774 canone,
2183 707 2274 775 qui

65 807 206 844 nunc
245 789 569 842 reformatus
609 797 851 860 apparet.
929 791 1006 844 Ut
1044 791 1136 842 ille
1177 790 1413 856 iacebat,
1471 791 1762 844 damnabat
1800 791 1969 843 veluti
2007 791 2273 843 haeresim

61 873 385 927 sententiam
434 879 757 941 negantem,
808 874 1110 927 Romanum
1152 874 1474 926 Pontificem
1520 874 1811 926 succedere
1853 874 2017 926 Petro
2058 875 2113 925 in
2156 872 2274 925 Pri-

65 962 211 1009 matu
259 957 373 1008 iure
409 956 596 1008 divino,
672 956 749 1009 At
797 958 841 1009 si
891 975 1123 1009 canones
1175 957 1432 1009 damnant
1479 959 1773 1010 sententias
1826 957 2098 1027 oppositas
2152 956 2275 1009 doc-

64 1041 235 1093 trinae
277 1039 606 1107 catholicae,
657 1058 795 1110 quae
837 1041 1060 1093 docetur
1099 1043 1151 1092 in
1193 1040 1458 1110 capitibus
1497 1041 1975 1110 praecedentibuS‚
2016 1041 2275 1109 sequitur,

64 1123 208 1193 quod
245 1123 301 1174 in
341 1122 551 1176 verbis:
617 1123 758 1176 [hide
806 1126 1090 1194 quicunque
1139 1126 1194 1176 in
1232 1125 1327 1175 liae
1369 1124 1620 1177 Catliedra
1655 1124 1803 1176 Petro
1840 1124 2079 1189 succedit,
2131 1125 2277 1175 iuxta

66 1206 256 1260 Christi
301 1208 463 1275 ipsius
510 1208 870 1259 institutionem
919 1207 1214 1259 Primatum
1252 1208 1393 1259 Petri
1438 1209 1495 1259 in
1542 1209 1834 1260 universam
1873 1207 2148 1259 Ecclesiam
2199 1206 2277 1258 ob-

64 1290 183 1342 tinet
220 1290 379 1358 (quae
419 1290 474 1342 in
515 1291 680 1358 priori
718 1291 991 1342 schemate
1033 1291 1358 1359 legebantur
1386 1308 1558 1360 aeque
1598 1308 1660 1343 ac
1699 1291 1754 1343 in
1781 1290 2118 1357 reformato),
2160 1306 2277 1341 suc-

66 1372 234 1425 cessio
274 1372 509 1425 Romani
548 1373 827 1425 Pontificis
865 1374 921 1425 in
961 1374 1206 1425 Primatu
1245 1392 1304 1426 ex
1349 1375 1463 1426 iure
1501 1374 1671 1426 divino
1711 1379 1765 1426 et
1804 1373 2185 1425 intendebatur
2225 1377 2279 1424 et

65 1457 491 1525 exprimebatur.
568 1458 644 1509 At
684 1475 858 1510 canon
898 1458 1222 1510 reformatus
1263 1462 1359 1520 est,
1401 1457 1609 1510 silendo
1651 1458 1717 1510 de
1758 1459 1890 1523 iure,
1933 1474 2037 1525 quo
2079 1456 2277 1508 Roma·

68 1558 165 1592 nus
192 1540 454 1592 Pontifex
495 1540 748 1593 succedat
782 1541 837 1592 in
864 1541 1136 1606 Primatu3
1179 1547 1541 1609 congruenter
1582 1558 1712 1610 ergo
1741 1542 1897 1593 aliter
1935 1539 2280 1591 informanda

65 1630 148 1677 est
187 1625 348 1676 etiarn
391 1625 612 1693 praevia
653 1624 913 1677 doctrina.

215 1711 363 1778 „Nec
410 1711 649 1763 subsumi
689 1712 860 1778 valet,
913 1712 1056 1782 quod
1103 1712 1321 1764 schema
1372 1713 1561 1782 capitis
1599 1712 1849 1781 loquatur
1902 1710 1967 1763 de
2010 1710 2152 1762 facto
2192 1727 2279 1761 ac-

65 1794 216 1860 tuali,
258 1794 408 1846 cuius
447 1796 498 1845 vi
528 1795 805 1847 Romanus
841 1796 1100 1847 Pontifex
1140 1813 1330 1847 revera
1370 1795 1577 1847 obtinet
1605 1796 1906 1847 Primatum
1945 1795 2057 1845 ‘iure
2095 1793 2281 1859 divino,

68 1877 233 1929 verba
272 1878 443 1930 enim:
483 1880 769 1948 quicunque
810 1919 819 1930 .
862 1921 872 1931 .
916 1919 926 1930 .
967 1879 1180 1931 succedit
1221 1920 1231 1930 .
1274 1922 1284 1932 .
1328 1921 1338 1931 .
1379 1881 1431 1930 in
1476 1879 1726 1931 Catlieclra
1770 1920 1779 1929 .
1823 1921 1832 1931 .
1878 1921 1887 1931 .
1931 1878 2139 1929 obtinet
2167 1877 2283 1929 Pri-

69 1966 271 2012 matum
319 1962 465 2013 iuxta
508 1961 697 2013 Cleri-sti
748 1964 1134 2027 institutionem,
1193 1981 1300 2014 non
1341 1964 1572 2015 innuunt
1611 1963 1842 2032 simplex
1895 1962 2131 2020 factum,
2186 1960 2281 2012 sed

68 2044 331 2096 rationem
372 2045 581 2114 potiuS,
634 2063 739 2114 qua
791 2063 1065 2098 successor
1116 2047 1170 2097 in
1212 2045 1485 2098 Cathedra
1536 2046 1790 2097 succedat
1831 2050 1884 2097 et
1923 2045 1977 2095 in
2017 2044 2280 2109 Primam,

68 2144 206 2197 quae
245 2128 381 2179 ratio
423 2134 611 2198 aperte
654 2129 850 2180 dicitur
890 2147 1005 2181 csse
1049 2129 1239 2181 Christi
1275 2131 1534 2195 institutae,
1573 2130 1673 2180 hoc
1715 2134 1794 2180 cst
1833 2130 1913 2180 ius
1951 2128 2199 2179 divinum.

216 2213 483 2280 „Demum
534 2215 732 2267 locutio
781 2216 984 2267 isthaec
1036 2217 1103 2267 ad
1157 2216 1436 2267 minimum
1488 2216 1782 2284 aequivoca
1836 2220 2002 2280 esset,
2056 2220 2109 2266 et
2159 2213 2281 2265 ideo

69 2299 286 2351 omnino
325 2300 574 2351 vitanda:
614 2306 728 2351 tum
767 2301 937 2352 relate
979 2300 1045 2352 ad
1085 2300 1391 2365 catholicOS,
1433 2301 1521 2369 qui
1562 2301 1616 2351 in
1657 2300 1783 2352 fidei
1823 2300 2068 2351 doctrina
2096 2304 2283 2367 aperte

68 2380 297 2434 docendi
338 2388 487 2449 sunt,
543 2388 656 2434 tum
698 2384 867 2435 relate
909 2383 977 2434 ad
1017 2384 1408 2454 heterodOXOS,
1449 2401 1514 2435 ne
1559 2383 1858 2435 Concilium
1898 2389 1990 2433 aut
2031 2382 2283 2450 decepto-

69 2483 180 2518 rem
222 2471 314 2517 aut
354 2466 643 2535 deceptum
683 2466 846 2519 fuisse
886 2467 1281 2536 blasphement.

218 2550 508 2619 „Sequenti
536 2552 700 2619 igitur
729 2551 886 2604 modo
916 2553 1135 2604 schema
1163 2552 1445 2604 reformari
1475 2557 1745 2621 optarem:
1789 2550 1895 2601 Pro
1929 2549 2105 2601 verbis
2145 2548 2286 2601 Unde

66 2634 354 2701 quicunque
393 2638 493 2685 etc.
533 2652 701 2703 usque
742 2635 809 2686 ad
860 2635 1060 2698 obtinet,
1111 2636 1372 2687 dicerem:
1429 2635 1595 2700 ‚Unde
1643 2636 1928 2704 quicunque
1965 2635 2016 2683 iu
2058 2634 2150 2684 hac
2193 2633 2286 2684 Ca-

67 2714 245 2766 tliedra
282 2715 437 2781 sedet,
475 2718 519 2768 is
556 2722 802 2786 tanquam
840 2735 1087 2769 successor
1123 2718 1263 2769 Petri
1303 2720 1354 2769 in
1394 2718 1658 2781 Primatu,
1696 2719 1862 2785 ipsum
1904 2715 2043 2767 Petri
2080 2716 2287 2766 Prima-

65 2802 175 2849 tum
213 2799 268 2849 in
306 2800 598 2851 universam
640 2800 910 2851 Ecclesiam
950 2802 1062 2852 iure
1100 2800 1270 2852 diuino
1309 2801 1558 2852 obtinet.‘“

215 2883 573 2953 Respondet1
613 2887 914 2956 Episcopus
953 2887 1248 2952 Calvensis‚
1291 2886 1657 2954 deputationis
1697 2885 1919 2937 relator:
1967 2885 2104 2950 „Hic
2144 2888 2285 2936 rffius
2350 2911 2355 2921 ¹

72 2984 379 3037 proponens
419 2986 610 3037 reapse
651 2972 932 3040 scrupuliS,
971 2976 1041 3035 et,
1082 2978 1141 3022 ut
1181 2970 1420 3035 videtur,
1462 2970 1652 3021 merito
1693 2970 1926 3037 agitatus
1967 2974 2062 3033 est,
2101 2985 2167 3019 ne
2208 2968 2285 3018 vi-

74 3050 292 3102 deretur
344 3070 451 3104 una
503 3053 782 3105 extribus
836 3055 1117 3106 sententiis
1169 3053 1445 3105 catholicis
1496 3052 1873 3122 praeiudicari.
1950 3051 2285 3103 Permittatis

73 3150 202 3201 ergo
241 3152 391 3203 rogo,
433 3142 491 3187 ut
531 3136 769 3188 breviter
797 3143 994 3188 statum
1024 3137 1351 3205 quaestionis
1380 3154 1668 3204 exponam.
1722 3135 1896 3203 Igitur
1924 3134 2187 3186 successio
2217 3134 2286 3185 ad

76 3215 292 3268 beatum
311 3218 533 3270 Petrum
564 3218 668 3271 duo
699 3220 934 3289 respicit,
963 3220 1354 3271 successionem
1383 3219 1437 3270 in
1457 3218 1781 3270 Cathedram
1810 3224 1863 3270 et
1890 3218 2285 3269 successionem

14 3300 19 3303 ”
76 3298 130 3349 in
169 3300 485 3353 Primatum.
563 3302 688 3354 Iure
731 3303 912 3355 divino
959 3303 1035 3368 (et
1076 3310 1156 3355 est
1198 3302 1394 3369 dogma
1431 3301 1579 3367 fidei)
1621 3306 1880 3352 statutum
1922 3307 2027 3365 est,
2070 3306 2153 3365 ut,
2197 3302 2287 3369 qui

75 3383 317 3434 succedit
355 3384 520 3437 Petro
561 3386 616 3436 in
659 3385 960 3450 Cathedra,
1003 3386 1070 3437 sit
1109 3402 1380 3437 successor
1420 3385 1474 3435 in
1515 3385 1777 3435 Primam.
1853 3386 1928 3435 At
1968 3389 2177 3435 constat
2217 3401 2287 3434 ex

76 3466 395 3519 testimoniis
434 3468 809 3520 novemdecim
850 3469 1202 3533 saeculorum,
1247 3468 1390 3537 quod
1429 3468 1623 3519 Petrus
1664 3472 1904 3519 mortuus
1944 3467 2010 3517 sit
2049 3466 2285 3530 Romae3

78 3556 131 3599 et
170 3550 420 3618 quoniam
461 3569 568 3603 non
610 3553 933 3618 succeditur,
974 3552 1076 3603 nisi
1118 3552 1330 3603 cedenti
1373 3550 1437 3602 de
1478 3551 1624 3616 loco,
1668 3556 1726 3601 ut
1764 3549 2007 3619 perbelle
2049 3550 2288 3617 loquitur

78 3630 440 3685 Bellarminus
459 3632 495 3699 ²,
536 3635 777 3703 sequitur
816 3654 912 3705 per
952 3652 1302 3703 consequenS,
1345 3634 1488 3702 quod
1514 3633 1814 3702 Episcopus
1854 3633 2130 3684 Romanus
2172 3650 2289 3683 suc-

80 3714 237 3767 cedat
276 3717 329 3767 in
370 3717 630 3770 Primam.

229 3905 243 3931 ¹
280 3906 478 3953 Relatio
518 3912 613 3956 etc.
661 3908 714 3955 O.
741 3908 800 3955 V.
828 3909 967 3954 464d
994 3923 1098 3969 sqq.
1235 3907 1250 3934 ²
1288 3908 1362 3953 Dc
1387 3907 1528 3954 Rom.
1555 3907 1799 3955 Pontifice
1835 3908 1918 3955 lib.
1958 3908 2025 3954 II.
2064 3923 2170 3970 cap.
2212 3910 2288 3954 1‘2.

1848 3985 1939 4027 10*
