2548 4290
367 143 611 186 comment.
645 136 727 184 ΙΙΙ.
781 144 849 184 1)6
880 144 1108 185 Primatus
1142 156 1242 185 cum
1273 144 1477 186 Romana
1509 145 1614 187 sede
1647 148 1939 187 connexione.
2158 145 2254 196 141

0 349 3 351 ,
49 291 241 365 plevit,
292 289 417 358 lege
455 306 550 341 seu
601 289 939 340 institutione
981 289 1166 340 divina
1215 306 1311 340 seu
1359 288 1476 340 iure
1528 289 1710 340 divino
1750 290 1914 342 Petro
1967 287 2257 340 succedere

48 379 191 428 recte
244 372 470 438 dicitur,
524 372 579 423 id
629 371 773 441 quod
812 371 1111 424 Palmieri1
1165 372 1267 424 hoc
1318 372 1571 440 exemplo
1612 372 1874 423 illustrat:
1935 371 2074 437 „Fac
2129 370 2259 422 ferri

45 458 249 527 legem,
306 455 450 526 quod
490 456 581 525 qui
620 456 676 506 in
715 455 906 507 studiis
956 456 1128 525 magis
1179 455 1500 525 profecerit,
1556 473 1781 508 munere
1823 455 2057 525 quodam
2097 453 2260 506 done-

45 546 147 596 tur.
197 539 368 593 Titius
409 539 602 592 ceteris
630 539 910 591 antecellit
950 557 1253 608 munusque
1294 539 1517 591 obtinet.
1571 538 1690 599 Quo
1730 539 1887 591 iure‘?
1940 539 2066 590 Iure
2106 537 2259 607 legis.

41 625 115 679 At
151 623 244 676 lex
284 623 488 675 Titium
528 640 637 674 non
677 623 914 693 respicit,
961 623 1056 675 sed
1096 623 1151 674 in
1190 640 1392 692 genere
1435 623 1755 692 digniorem.
1832 622 2121 675 Profecto:
2164 620 2260 672 sed

44 707 216 780 posita
270 706 607 772 conditione,
665 724 805 776 quae
858 707 913 758 in
952 707 1066 759 solo
1109 706 1253 757 Titio
1294 706 1594 775 reperitur,
1645 705 1781 757 illud
1821 706 1930 771 ius,
1986 705 2128 773 quod
2168 704 2260 755 lex

44 790 274 860 digniori
314 789 664 854 concedebat,
705 796 878 843 totum
918 808 1086 860 penes
1127 789 1331 841 Titium
1373 807 1606 858 eumque
1646 789 1820 840 solum
1861 788 2088 841 exsistit.
2142 786 2259 839 Iam

41 890 169 926 vero
207 873 320 925 lata
357 877 438 925 est
476 874 569 926 lex
610 873 821 925 divina:
863 874 1027 925 Petro
1068 874 1125 925 in
1153 873 1399 925 Primatu
1437 872 1731 925 succedere
1772 872 1889 941 quis
1916 888 2130 939 semper
2170 870 2259 922 de-

41 955 158 1023 bet,
207 956 319 1008 sive
360 956 554 1026 aliquis
605 974 820 1026 semper
859 957 1162 1008 Primatum
1216 957 1472 1008 collatum
1524 957 1697 1025 primo
1740 956 1805 1007 B.
1846 956 2011 1007 Petro
2039 977 2041 979 >
2067 970 2257 1023 gerere

42 1038 229 1105 debet3
270 1040 388 1109 quis
428 1057 558 1092 vero
602 1057 672 1092 ex
712 1045 807 1108 tot,
848 1041 939 1109 qui
981 1044 1214 1108 possent,
1253 1045 1376 1092 actu
1404 1039 1676 1105 succedat,
1719 1038 2139 1091 determinatum
2180 1042 2260 1089 est

39 1121 181 1175 facto
222 1123 474 1191 originali
501 1122 680 1188 Petri3
723 1123 1019 1176 conditioni
1059 1123 1287 1193 proinde
1328 1122 1590 1175 satisfacit
1630 1122 1776 1175 solus
1817 1122 2096 1174 Romanus
2128 1119 2258 1189 Epi-

39 1222 258 1275 scopus:
299 1206 434 1258 illud
477 1224 607 1276 ergo
637 1207 880 1258 divinum
919 1207 1001 1258 ius
1029 1208 1377 1259 successionis
1417 1207 1471 1258 in
1499 1206 1745 1258 Romano
1774 1205 2045 1274 Episcopo
2087 1220 2259 1273 eoque

44 1289 154 1343 solo
194 1290 514 1358 reperitur.“

181 1383 309 1435 Alia
348 1384 514 1436 verba
568 1384 669 1436 loci
720 1402 884 1453 supra
924 1402 994 1436 ex
1034 1384 1211 1453 capite
1252 1383 1422 1435 altero
1466 1382 1877 1435 Constitutionis
1919 1382 2093 1447 citati,
2147 1381 2260 1449 qui-

41 1465 140 1519 bus
180 1467 414 1537 exprimi
452 1467 626 1520 videri
667 1468 860 1536 possit,
912 1468 1307 1520 connexionem
1347 1467 1620 1517 Primatus
1672 1483 1793 1517 cum
1834 1466 2083 1517 Romana
2133 1464 2260 1516 sede

39 1549 381 1602 insolubilem
424 1568 539 1603 esse
593 1556 646 1602 et
685 1551 753 1603 ad
804 1551 1041 1603 divinam
1082 1551 1260 1619 legem
1314 1550 1686 1615 referendam,
1742 1555 1867 1601 sunt
1918 1550 2074 1601 haec:
2139 1548 2260 1616 „qui

41 1632 283 1702 [Petrus]
326 1634 394 1686 ad
434 1635 535 1686 hoc
575 1652 745 1703 usque
774 1639 987 1704 tempus
1016 1640 1069 1687 ct
1094 1652 1289 1703 semper
1327 1635 1381 1685 in
1409 1635 1517 1685 suis
1546 1634 1960 1698 successoribUS,
2000 1632 2262 1700 Ερίεσορίε

39 1723 238 1770 sanctae
277 1717 543 1770 Romanae
580 1718 712 1770 sedis
751 1718 817 1770 ab
858 1719 975 1788 ipso
1017 1718 1275 1771 fundatae
1317 1718 1540 1786 eiusque
1592 1723 1939 1768 consecratae
1979 1716 2259 1784 sanguine,

40 1800 172 1852 vivit
212 1805 265 1853 et
305 1801 579 1870 praesidet
619 1807 673 1853 et
713 1802 970 1854 iudicium
1012 1802 1286 1855 exercet“.
1337 1801 1556 1853 Dixerit
1590 1802 1731 1853 enim
1774 1800 2057 1869 quispiam,
2100 1816 2259 1869 prop-

39 1888 190 1936 terea
242 1884 415 1936 solum
470 1885 614 1937 sedis
653 1885 935 1938 Romanae
976 1886 1276 1955 Episcopos
1319 1885 1419 1937 dici
1471 1902 1628 1955 posse
1666 1902 1859 1952 semper
1899 1884 2015 1935 fore
2055 1899 2261 1934 succes-

40 1984 185 2020 sores
223 1967 375 2020 Petri
425 1969 479 2019 in
520 1969 793 2034 Primatu,
851 1969 975 2038 quia
1028 1971 1295 2022 connexio
1349 1969 1619 2020 Primatus
1673 1985 1793 2019 cum
1846 1968 1973 2019 sede
2014 1967 2261 2018 Romana

39 2055 302 2121 perpetuo
343 2051 645 2104 insolubilis
686 2059 1011 2121 agnoscatur
1051 2059 1105 2105 et
1145 2071 1175 2104 a
1219 2052 1432 2105 Christo
1472 2052 1707 2104 Domino
1749 2052 1863 2120 ipso
1905 2052 2063 2103 facta.

183 2137 292 2190 Sed
344 2143 403 2189 ut
454 2139 587 2202 alia,
642 2157 780 2208 quae
832 2141 1040 2192 moneri
1091 2145 1333 2209 possent,
1393 2140 1732 2205 omittamus,
1786 2139 1922 2189 illud
1979 2138 2254 2206 „semper“

40 2238 300 2290 negamus
340 2222 504 2274 licere
545 2222 621 2274 ita
660 2240 927 2290 premere,
968 2229 1027 2274 ut
1068 2222 1371 2275 Concilium
1399 2223 1728 2274 Vaticanum
1769 2222 2076 2273 enuntiasse
2118 2222 2261 2272 dica-

42 2308 159 2369 tur,
202 2304 636 2357 coniunctionem
679 2306 949 2358 Primatus
991 2324 1112 2357 cum
1153 2306 1281 2358 sede
1323 2307 1571 2358 Romana
1611 2306 1679 2356 ad
1720 2305 1881 2357 finem
1924 2306 2259 2357 saeculorum

45 2404 211 2456 usque
252 2406 659 2457 permansuram
713 2407 847 2441 esse.
925 2389 1111 2441 Habet
1162 2390 1304 2442 enim
1357 2390 1450 2441 ilia
1490 2408 1597 2441 vox
1650 2389 1812 2440 etiam
1854 2389 2103 2441 latiorem
2143 2406 2260 2440 sen-

40 2487 185 2537 sum,
237 2476 295 2522 ut
335 2473 604 2525 sententia
643 2473 737 2524 illa
777 2474 1040 2542 explicari
1082 2475 1249 2543 possit
1289 2474 1394 2525 ita:
1446 2473 1641 2525 Petrus
1696 2473 1750 2523 in
1792 2473 1900 2523 suis
1940 2472 2261 2524 successori-

38 2552 166 2619 buS,
221 2553 482 2606 Romanis
522 2555 841 2625 Episcopis,
899 2557 967 2608 ad
1007 2558 1106 2609 hoc
1147 2575 1316 2625 usque
1365 2563 1579 2625 tenipus
1631 2556 1770 2607 vixit
1821 2563 1875 2607 ct
1924 2574 2059 2608 nunc
2112 2557 2261 2608 etlam

33 2637 192 2689 vivere
223 2639 411 2706 percit,
470 2644 529 2690 ut
574 2640 849 2708 „semper“
906 2639 1020 2692 fere
1061 2640 1205 2693 idem
1246 2642 1313 2692 sit
1354 2658 1415 2691 ac
1461 2641 1868 2707 „continenter“
1913 2641 2000 2692 vel
2047 2658 2259 2709 „perse-

38 2720 344 2772 veranter“.
423 2720 596 2780 Quam
637 2722 1058 2791 explicationem
1098 2729 1157 2775 ut
1196 2741 1500 2792 sequamur,
1548 2724 1655 2776 iam
1696 2741 1975 2776 movemur
2015 2729 2259 2791 tempore

40 2805 355 2873 praesentiS,
397 2822 502 2872 quo
543 2811 873 2874 usurpantur
914 2807 1079 2858 verba
1113 2808 1277 2872 „vivit
1318 2813 1371 2858 et
1398 2807 1672 2876 praesidet
1712 2813 1766 2860 et
1805 2807 2064 2858 iudicium
2104 2824 2260 2859 exer-

41 2886 178 2939 cet“.
237 2886 485 2954 Accedit,
529 2888 672 2957 quod
712 2889 981 2941 sententia
1020 2891 1074 2940 in
1116 2890 1340 2959 pristino
1382 2891 1672 2955 schemate,
1720 2909 1789 2943 ex
1831 2908 1936 2959 quo
1978 2890 2261 2960 desumpta

41 2976 147 3035 est,
201 2971 276 3022 ita
316 2970 653 3023 conformata
704 2978 812 3037 est,
868 2978 927 3024 ut
979 2991 1087 3025 vox
1147 2974 1422 3041 „semper“
1479 2974 1636 3026 aliter
1688 2973 1950 3042 explicari
2006 2979 2293 3043 nequeat.-

40 3051 176 3105 Eam
234 3055 559 3106 sententiam
611 3056 793 3107 statim
847 3056 1165 3108 referemus.
1244 3057 1488 3109 Tandem
1541 3058 1786 3127 profecto
1829 3058 2159 3123 Concilium,
2217 3058 2259 3108 si

42 3136 299 3189 voluisset
340 3137 590 3203 definire,
644 3139 1042 3191 connexionem
1084 3140 1357 3192 Primatus
1398 3157 1519 3191 cum
1560 3141 1686 3193 sede
1728 3141 1977 3193 Romana
2029 3140 2097 3192 ad
2138 3157 2261 3192 con-

5 3283 10 3286 ,
43 3220 456 3272 summationem
497 3222 834 3274 saeculorum
877 3241 1287 3291 permansuram
1328 3241 1473 3289 esse,
1516 3224 1570 3275 id
1611 3225 1767 3276 claris
1810 3230 1862 3276 et
1902 3225 2103 3293 apertis
2142 3242 2259 3276 ver-

44 3301 123 3353 bis
180 3303 546 3370 enuntiasset,
612 3305 1069 3374 quemadmodum
1126 3307 1299 3374 prima
1363 3308 1631 3359 sententia
1695 3309 1884 3376 capitis
1940 3308 2258 3372 enuntiavit,

42 3383 343 3438 Primatum
383 3386 438 3437 in
478 3386 747 3453 Ecclesia,
805 3406 976 3457 „quae
1015 3389 1242 3440 fundata
1283 3407 1445 3457 supra
1485 3397 1693 3459 petram
1734 3392 1804 3442 acl
1842 3392 2007 3458 finem
2046 3392 2260 3442 saeculo-

41 3483 162 3519 rum
200 3485 357 3538 usque
394 3469 547 3522 firma
586 3471 764 3537 stabit,
804 3473 985 3540 ἰκρίων
1026 3472 1276 3524 durare“.

187 3554 325 3622 Ipsis
364 3555 527 3624 igitur
567 3558 756 3627 capitis
796 3558 975 3610 verbis
1016 3576 1123 3609 non
1153 3560 1481 3625 enuntiatur,
1521 3560 1820 3611 Primatum
1863 3578 1982 3611 cum
2012 3560 2260 3612 Romana

45 3636 171 3688 sede
228 3637 292 3689 ab
347 3638 462 3707 ipso
516 3639 728 3692 Christo
785 3641 1192 3693 immutabiliter
1247 3660 1554 3694 connexum
1611 3661 1742 3695 esse.
1832 3645 2022 3696 Patres
2077 3651 2255 3698 autem

193 3855 204 3880 ¹
244 3856 515 3904 Tractatus
554 3858 614 3904 de
650 3859 877 3906 Romano
916 3859 1160 3907 Pontifice
1198 3877 1243 3921 p.
1281 3863 1391 3908 334.
