<?xml version="1.0" encoding="UTF-8"?>
<!DOCTYPE html PUBLIC "-//W3C//DTD XHTML 1.0 Transitional//EN"
    "http://www.w3.org/TR/xhtml1/DTD/xhtml1-transitional.dtd">
<html xmlns="http://www.w3.org/1999/xhtml" xml:lang="en" lang="en">
 <head>
  <title>
</title>
<meta http-equiv="Content-Type" content="text/html;charset=utf-8" />
  <meta name='ocr-system' content='tesseract 3.04.00' />
  <meta name='ocr-capabilities' content='ocr_page ocr_carea ocr_par ocr_line ocrx_word'/>
</head>
<body>
  <div class='ocr_page' id='page_1' title='image "a584483100granuoft_0163.png"; bbox 0 0 2548 4290; ppageno 0'>
   <div class='ocr_carea' id='block_1_1' title="bbox 398 172 2279 225">
    <p class='ocr_par' dir='ltr' id='par_1_1' title="bbox 398 172 2279 225">
     <span class='ocr_line' id='line_1_1' title="bbox 398 172 2279 225; baseline 0.001 -10"><span class='ocrx_word' id='word_1_1' title='bbox 398 172 640 215; x_wconf 87' lang='lat' dir='ltr'>Comment.</span> <span class='ocrx_word' id='word_1_2' title='bbox 673 173 753 214; x_wconf 87' lang='grc' dir='ltr'><strong>ΙΙΙ.</strong></span> <span class='ocrx_word' id='word_1_3' title='bbox 809 174 877 214; x_wconf 87' lang='lat' dir='ltr'>De</span> <span class='ocrx_word' id='word_1_4' title='bbox 908 174 1135 215; x_wconf 86' lang='lat' dir='ltr'>Primatus</span> <span class='ocrx_word' id='word_1_5' title='bbox 1168 187 1267 215; x_wconf 91' lang='lat' dir='ltr'>cum</span> <span class='ocrx_word' id='word_1_6' title='bbox 1300 174 1501 215; x_wconf 84' lang='lat' dir='ltr'>Romana</span> <span class='ocrx_word' id='word_1_7' title='bbox 1534 175 1638 216; x_wconf 88' lang='lat' dir='ltr'>sede</span> <span class='ocrx_word' id='word_1_8' title='bbox 1669 178 1959 217; x_wconf 80' lang='lat' dir='ltr'>connexione.</span> <span class='ocrx_word' id='word_1_9' title='bbox 2179 176 2279 225; x_wconf 84' lang='lat'>149</span> 
     </span>
    </p>
   </div>
   <div class='ocr_carea' id='block_1_2' title="bbox 42 314 2283 1299">
    <p class='ocr_par' dir='ltr' id='par_1_2' title="bbox 42 314 2283 1299">
     <span class='ocr_line' id='line_1_2' title="bbox 42 314 2282 387; baseline -0.001 -16"><span class='ocrx_word' id='word_1_10' title='bbox 42 314 416 387; x_wconf 84' lang='lat' dir='ltr'>.postmodum</span> <span class='ocrx_word' id='word_1_11' title='bbox 471 331 541 366; x_wconf 80' lang='lat' dir='ltr'>ex</span> <span class='ocrx_word' id='word_1_12' title='bbox 593 314 923 367; x_wconf 83' lang='lat' dir='ltr'>revelatione</span> <span class='ocrx_word' id='word_1_13' title='bbox 979 316 1162 368; x_wconf 89' lang='lat' dir='ltr'>divina</span> <span class='ocrx_word' id='word_1_14' title='bbox 1214 315 1281 367; x_wconf 91' lang='lat' dir='ltr'>ab</span> <span class='ocrx_word' id='word_1_15' title='bbox 1322 315 1614 369; x_wconf 79' lang='lat' dir='ltr'>Antiochia</span> <span class='ocrx_word' id='word_1_16' title='bbox 1665 317 1829 370; x_wconf 86' lang='lat' dir='ltr'>fuerit</span> <span class='ocrx_word' id='word_1_17' title='bbox 1886 317 2174 369; x_wconf 90' lang='lat' dir='ltr'>translatus</span> <span class='ocrx_word' id='word_1_18' title='bbox 2214 317 2282 369; x_wconf 87' lang='lat' dir='ltr'>ad</span> 
     </span>
     <span class='ocr_line' id='line_1_3' title="bbox 75 397 2281 469; baseline 0 -19"><span class='ocrx_word' id='word_1_19' title='bbox 75 397 306 463; x_wconf 84' lang='lat' dir='ltr'>Urbem,</span> <span class='ocrx_word' id='word_1_20' title='bbox 357 414 466 449; x_wconf 91' lang='lat' dir='ltr'>non</span> <span class='ocrx_word' id='word_1_21' title='bbox 505 401 686 448; x_wconf 84' lang='lat' dir='ltr'>tamen</span> <span class='ocrx_word' id='word_1_22' title='bbox 737 413 1049 450; x_wconf 88' lang='lat' dir='ltr'>concessum</span> <span class='ocrx_word' id='word_1_23' title='bbox 1099 398 1199 450; x_wconf 83' lang='lat' dir='ltr'>sibi</span> <span class='ocrx_word' id='word_1_24' title='bbox 1239 397 1541 451; x_wconf 83' lang='lat' dir='ltr'>Primatum</span> <span class='ocrx_word' id='word_1_25' title='bbox 1593 399 1879 465; x_wconf 81' lang='lat' dir='ltr'>deseruit‘3</span> <span class='ocrx_word' id='word_1_26' title='bbox 1934 405 1987 452; x_wconf 93' lang='lat' dir='ltr'>et</span> <span class='ocrx_word' id='word_1_27' title='bbox 2029 399 2281 469; x_wconf 78' lang='lat' dir='ltr'>deinceps</span> 
     </span>
     <span class='ocr_line' id='line_1_4' title="bbox 75 479 2282 551; baseline 0 -18"><span class='ocrx_word' id='word_1_28' title='bbox 75 480 316 533; x_wconf 89' lang='lat' dir='ltr'>meminit</span> <span class='ocrx_word' id='word_1_29' title='bbox 362 479 512 531; x_wconf 93' lang='lat' dir='ltr'>illam</span> <span class='ocrx_word' id='word_1_30' title='bbox 563 480 989 548; x_wconf 82' lang='lat' dir='ltr'>antiquissimam</span> <span class='ocrx_word' id='word_1_31' title='bbox 1039 481 1414 548; x_wconf 74' lang='lat' dir='ltr'>traditionem,</span> <span class='ocrx_word' id='word_1_32' title='bbox 1470 482 1614 551; x_wconf 90' lang='lat' dir='ltr'>quod</span> <span class='ocrx_word' id='word_1_33' title='bbox 1663 483 1865 535; x_wconf 86' lang='lat' dir='ltr'>scilicet</span> <span class='ocrx_word' id='word_1_34' title='bbox 1903 483 2099 535; x_wconf 91' lang='lat' dir='ltr'>Petrus</span> <span class='ocrx_word' id='word_1_35' title='bbox 2149 487 2282 535; x_wconf 91' lang='lat' dir='ltr'>tem-</span> 
     </span>
     <span class='ocr_line' id='line_1_5' title="bbox 75 562 2282 633; baseline 0 -18"><span class='ocrx_word' id='word_1_36' title='bbox 75 580 203 633; x_wconf 85' lang='lat' dir='ltr'>pore</span> <span class='ocrx_word' id='word_1_37' title='bbox 241 562 632 632; x_wconf 80' lang='lat' dir='ltr'>persecutionis</span> <span class='ocrx_word' id='word_1_38' title='bbox 671 562 905 615; x_wconf 86' lang='lat' dir='ltr'>Neronis</span> <span class='ocrx_word' id='word_1_39' title='bbox 946 581 1066 615; x_wconf 92' lang='lat' dir='ltr'>cum</span> <span class='ocrx_word' id='word_1_40' title='bbox 1107 582 1136 616; x_wconf 92' lang='lat' dir='ltr'>e</span> <span class='ocrx_word' id='word_1_41' title='bbox 1176 564 1353 616; x_wconf 87' lang='lat' dir='ltr'>Roma</span> <span class='ocrx_word' id='word_1_42' title='bbox 1391 564 1702 631; x_wconf 77' lang='lat' dir='ltr'>excederet,</span> <span class='ocrx_word' id='word_1_43' title='bbox 1744 566 1976 618; x_wconf 91' lang='lat' dir='ltr'>occurrit</span> <span class='ocrx_word' id='word_1_44' title='bbox 2013 566 2092 617; x_wconf 93' lang='lat' dir='ltr'>illi</span> <span class='ocrx_word' id='word_1_45' title='bbox 2131 565 2282 618; x_wconf 88' lang='lat' dir='ltr'>Iesus</span> 
     </span>
     <span class='ocr_line' id='line_1_6' title="bbox 74 645 2282 718; baseline 0 -18"><span class='ocrx_word' id='word_1_46' title='bbox 74 646 313 700; x_wconf 89' lang='lat' dir='ltr'>Christus</span> <span class='ocrx_word' id='word_1_47' title='bbox 352 645 617 698; x_wconf 87' lang='lat' dir='ltr'>Dominus</span> <span class='ocrx_word' id='word_1_48' title='bbox 671 652 876 713; x_wconf 70' lang='lat' dir='ltr'>noster,</span> <span class='ocrx_word' id='word_1_49' title='bbox 930 647 1075 699; x_wconf 89' lang='lat' dir='ltr'>unde</span> <span class='ocrx_word' id='word_1_50' title='bbox 1131 647 1353 699; x_wconf 82' lang='lat' dir='ltr'>miratus</span> <span class='ocrx_word' id='word_1_51' title='bbox 1393 648 1589 700; x_wconf 91' lang='lat' dir='ltr'>Petrus</span> <span class='ocrx_word' id='word_1_52' title='bbox 1644 647 1808 700; x_wconf 83' lang='lat' dir='ltr'>dixit:</span> <span class='ocrx_word' id='word_1_53' title='bbox 1863 649 2132 717; x_wconf 69' lang='lat' dir='ltr'>Mayister,</span> <span class='ocrx_word' id='word_1_54' title='bbox 2185 665 2282 718; x_wconf 77' lang='lat' dir='ltr'>quo</span> 
     </span>
     <span class='ocr_line' id='line_1_7' title="bbox 71 728 2283 801; baseline 0 -19"><span class='ocrx_word' id='word_1_55' title='bbox 71 728 254 782; x_wconf 72' lang='lat' dir='ltr'>vadis?</span> <span class='ocrx_word' id='word_1_56' title='bbox 314 734 368 781; x_wconf 91' lang='lat' dir='ltr'>et</span> <span class='ocrx_word' id='word_1_57' title='bbox 417 729 697 798; x_wconf 85' lang='lat' dir='ltr'>respondit</span> <span class='ocrx_word' id='word_1_58' title='bbox 747 730 898 782; x_wconf 90' lang='lat' dir='ltr'>Iesus</span> <span class='ocrx_word' id='word_1_59' title='bbox 951 729 1230 782; x_wconf 89' lang='lat' dir='ltr'>Christus:</span> <span class='ocrx_word' id='word_1_60' title='bbox 1304 730 1459 782; x_wconf 73' lang='lat' dir='ltr'>Venio</span> <span class='ocrx_word' id='word_1_61' title='bbox 1508 730 1728 783; x_wconf 81' lang='lat' dir='ltr'>Romam</span> <span class='ocrx_word' id='word_1_62' title='bbox 1781 733 1965 783; x_wconf 79' lang='lat' dir='ltr'>iterum</span> <span class='ocrx_word' id='word_1_63' title='bbox 2021 732 2283 801; x_wconf 26' lang='lat' dir='ltr'>crzrcczfiqi:</span> 
     </span>
     <span class='ocr_line' id='line_1_8' title="bbox 71 811 2281 881; baseline 0.001 -17"><span class='ocrx_word' id='word_1_64' title='bbox 71 812 126 864; x_wconf 92' lang='lat' dir='ltr'>id</span> <span class='ocrx_word' id='word_1_65' title='bbox 165 811 308 881; x_wconf 91' lang='lat' dir='ltr'>quod</span> <span class='ocrx_word' id='word_1_66' title='bbox 347 811 450 863; x_wconf 87' lang='lat' dir='ltr'>fuit</span> <span class='ocrx_word' id='word_1_67' title='bbox 487 812 833 863; x_wconf 87' lang='lat' dir='ltr'>monitorium</span> <span class='ocrx_word' id='word_1_68' title='bbox 871 829 969 881; x_wconf 92' lang='lat' dir='ltr'>pro</span> <span class='ocrx_word' id='word_1_69' title='bbox 998 813 1052 866; x_wconf 81' lang='lat' dir='ltr'>S.</span> <span class='ocrx_word' id='word_1_70' title='bbox 1081 813 1275 877; x_wconf 78' lang='lat' dir='ltr'>Petr03</span> <span class='ocrx_word' id='word_1_71' title='bbox 1315 813 1462 865; x_wconf 90' lang='lat' dir='ltr'>unde</span> <span class='ocrx_word' id='word_1_72' title='bbox 1489 831 1737 866; x_wconf 90' lang='lat' dir='ltr'>reversus</span> <span class='ocrx_word' id='word_1_73' title='bbox 1763 814 2011 880; x_wconf 85' lang='lat' dir='ltr'>Romam,</span> <span class='ocrx_word' id='word_1_74' title='bbox 2051 814 2125 866; x_wconf 87' lang='lat' dir='ltr'>ibi</span> <span class='ocrx_word' id='word_1_75' title='bbox 2165 831 2281 866; x_wconf 87' lang='lat' dir='ltr'>cru-</span> 
     </span>
     <span class='ocr_line' id='line_1_9' title="bbox 71 894 2283 965; baseline 0.001 -18"><span class='ocrx_word' id='word_1_76' title='bbox 71 896 260 948; x_wconf 80' lang='lat' dir='ltr'>cifixus</span> <span class='ocrx_word' id='word_1_77' title='bbox 300 894 416 946; x_wconf 89' lang='lat' dir='ltr'>fuit.</span> <span class='ocrx_word' id='word_1_78' title='bbox 493 894 637 961; x_wconf 87' lang='lat' dir='ltr'>Iam,</span> <span class='ocrx_word' id='word_1_79' title='bbox 695 912 922 964; x_wconf 90' lang='lat' dir='ltr'>quaeso,</span> <span class='ocrx_word' id='word_1_80' title='bbox 981 896 1024 947; x_wconf 91' lang='lat' dir='ltr'>si</span> <span class='ocrx_word' id='word_1_81' title='bbox 1073 896 1128 947; x_wconf 93' lang='lat' dir='ltr'>in</span> <span class='ocrx_word' id='word_1_82' title='bbox 1182 896 1358 965; x_wconf 89' lang='lat' dir='ltr'>capite</span> <span class='ocrx_word' id='word_1_83' title='bbox 1409 902 1591 949; x_wconf 92' lang='lat' dir='ltr'>nostro</span> <span class='ocrx_word' id='word_1_84' title='bbox 1640 897 1809 949; x_wconf 88' lang='lat' dir='ltr'>verba</span> <span class='ocrx_word' id='word_1_85' title='bbox 1846 898 2152 949; x_wconf 88' lang='lat' dir='ltr'>Innocentii</span> <span class='ocrx_word' id='word_1_86' title='bbox 2205 898 2283 948; x_wconf 91' lang='lat' dir='ltr'>in-</span> 
     </span>
     <span class='ocr_line' id='line_1_10' title="bbox 70 977 2282 1048; baseline 0.001 -18"><span class='ocrx_word' id='word_1_87' title='bbox 70 983 213 1031; x_wconf 89' lang='lat' dir='ltr'>serta</span> <span class='ocrx_word' id='word_1_88' title='bbox 248 977 505 1043; x_wconf 87' lang='lat' dir='ltr'>fuissent,</span> <span class='ocrx_word' id='word_1_89' title='bbox 561 995 827 1046; x_wconf 88' lang='lat' dir='ltr'>quaenam</span> <span class='ocrx_word' id='word_1_90' title='bbox 870 979 1099 1031; x_wconf 89' lang='lat' dir='ltr'>obiectio</span> <span class='ocrx_word' id='word_1_91' title='bbox 1154 979 1295 1031; x_wconf 89' lang='lat' dir='ltr'>iusta</span> <span class='ocrx_word' id='word_1_92' title='bbox 1345 979 1462 1031; x_wconf 89' lang='lat' dir='ltr'>fieri</span> <span class='ocrx_word' id='word_1_93' title='bbox 1508 980 1810 1048; x_wconf 77' lang='lat' dir='ltr'>potuisset?</span> <span class='ocrx_word' id='word_1_94' title='bbox 1877 979 1952 1033; x_wconf 89' lang='lat' dir='ltr'>At</span> <span class='ocrx_word' id='word_1_95' title='bbox 2006 999 2111 1032; x_wconf 92' lang='lat' dir='ltr'>non</span> <span class='ocrx_word' id='word_1_96' title='bbox 2154 979 2282 1032; x_wconf 90' lang='lat' dir='ltr'>dici-</span> 
     </span>
     <span class='ocr_line' id='line_1_11' title="bbox 69 1061 2281 1132; baseline 0.001 -18"><span class='ocrx_word' id='word_1_97' title='bbox 69 1079 216 1127; x_wconf 87' lang='lat' dir='ltr'>mus,</span> <span class='ocrx_word' id='word_1_98' title='bbox 268 1061 412 1130; x_wconf 91' lang='lat' dir='ltr'>quod</span> <span class='ocrx_word' id='word_1_99' title='bbox 451 1062 518 1113; x_wconf 88' lang='lat' dir='ltr'>sit</span> <span class='ocrx_word' id='word_1_100' title='bbox 559 1078 629 1113; x_wconf 83' lang='lat' dir='ltr'>ex</span> <span class='ocrx_word' id='word_1_101' title='bbox 669 1062 1002 1114; x_wconf 79' lang='lat' dir='ltr'>revelatione</span> <span class='ocrx_word' id='word_1_102' title='bbox 1043 1062 1225 1114; x_wconf 85' lang='lat' dir='ltr'>divina</span> <span class='ocrx_word' id='word_1_103' title='bbox 1265 1067 1319 1114; x_wconf 92' lang='lat' dir='ltr'>et</span> <span class='ocrx_word' id='word_1_104' title='bbox 1366 1062 1510 1132; x_wconf 90' lang='lat' dir='ltr'>quod</span> <span class='ocrx_word' id='word_1_105' title='bbox 1561 1064 1627 1114; x_wconf 91' lang='lat' dir='ltr'>sit</span> <span class='ocrx_word' id='word_1_106' title='bbox 1668 1081 1738 1115; x_wconf 76' lang='lat' dir='ltr'>ex</span> <span class='ocrx_word' id='word_1_107' title='bbox 1778 1081 2036 1132; x_wconf 75' lang='lat' dir='ltr'>expresso</span> <span class='ocrx_word' id='word_1_108' title='bbox 2078 1064 2281 1116; x_wconf 88' lang='lat' dir='ltr'>monito</span> 
     </span>
     <span class='ocr_line' id='line_1_12' title="bbox 71 1143 2282 1217; baseline 0 -19"><span class='ocrx_word' id='word_1_109' title='bbox 71 1144 289 1215; x_wconf 79' lang='lat' dir='ltr'>Domini</span> <span class='ocrx_word' id='word_1_110' title='bbox 330 1145 497 1197; x_wconf 86' lang='lat' dir='ltr'>nostri</span> <span class='ocrx_word' id='word_1_111' title='bbox 536 1143 662 1196; x_wconf 90' lang='lat' dir='ltr'>Iesu</span> <span class='ocrx_word' id='word_1_112' title='bbox 703 1144 918 1198; x_wconf 82' lang='lat' dir='ltr'>Christi.</span> <span class='ocrx_word' id='word_1_113' title='bbox 997 1146 1053 1198; x_wconf 82' lang='lat' dir='ltr'>Si</span> <span class='ocrx_word' id='word_1_114' title='bbox 1093 1146 1286 1215; x_wconf 84' lang='lat' dir='ltr'>igitur,</span> <span class='ocrx_word' id='word_1_115' title='bbox 1326 1153 1387 1198; x_wconf 91' lang='lat' dir='ltr'>ut</span> <span class='ocrx_word' id='word_1_116' title='bbox 1425 1147 1539 1216; x_wconf 92' lang='lat' dir='ltr'>ipse</span> <span class='ocrx_word' id='word_1_117' title='bbox 1579 1148 1851 1217; x_wconf 88' lang='lat' dir='ltr'>supponit,</span> <span class='ocrx_word' id='word_1_118' title='bbox 1893 1147 2060 1200; x_wconf 88' lang='lat' dir='ltr'>verba</span> <span class='ocrx_word' id='word_1_119' title='bbox 2099 1153 2282 1200; x_wconf 77' lang='lat' dir='ltr'>textus</span> 
     </span>
     <span class='ocr_line' id='line_1_13' title="bbox 69 1228 2280 1299; baseline 0 -17"><span class='ocrx_word' id='word_1_120' title='bbox 69 1230 246 1298; x_wconf 89' lang='lat' dir='ltr'>potius</span> <span class='ocrx_word' id='word_1_121' title='bbox 273 1228 459 1280; x_wconf 89' lang='lat' dir='ltr'>favent</span> <span class='ocrx_word' id='word_1_122' title='bbox 485 1229 677 1279; x_wconf 82' lang='lat' dir='ltr'>tertiae</span> <span class='ocrx_word' id='word_1_123' title='bbox 706 1230 1023 1293; x_wconf 87' lang='lat' dir='ltr'>sententiae,</span> <span class='ocrx_word' id='word_1_124' title='bbox 1067 1231 1242 1281; x_wconf 88' lang='lat' dir='ltr'>minus</span> <span class='ocrx_word' id='word_1_125' title='bbox 1272 1229 1474 1295; x_wconf 88' lang='lat' dir='ltr'>dicunt,</span> <span class='ocrx_word' id='word_1_126' title='bbox 1510 1248 1668 1299; x_wconf 89' lang='lat' dir='ltr'>quam</span> <span class='ocrx_word' id='word_1_127' title='bbox 1697 1231 2055 1299; x_wconf 88' lang='lat' dir='ltr'>potuissemus</span> <span class='ocrx_word' id='word_1_128' title='bbox 2084 1231 2280 1283; x_wconf 90' lang='lat' dir='ltr'>dicere.</span> 
     </span>
    </p>
   </div>
   <div class='ocr_carea' id='block_1_3' title="bbox 217 1311 2357 1382">
    <p class='ocr_par' dir='ltr' id='par_1_3' title="bbox 217 1311 2357 1382">
     <span class='ocr_line' id='line_1_14' title="bbox 217 1311 2357 1382; baseline 0 -19"><span class='ocrx_word' id='word_1_129' title='bbox 217 1311 502 1377; x_wconf 88' lang='lat' dir='ltr'>„Ceterum</span> <span class='ocrx_word' id='word_1_130' title='bbox 556 1328 836 1363; x_wconf 88' lang='lat' dir='ltr'>monemus</span> <span class='ocrx_word' id='word_1_131' title='bbox 884 1318 1307 1381; x_wconf 84' lang='lat' dir='ltr'>proponentem,</span> <span class='ocrx_word' id='word_1_132' title='bbox 1359 1314 1501 1382; x_wconf 90' lang='lat' dir='ltr'>quod</span> <span class='ocrx_word' id='word_1_133' title='bbox 1551 1331 1741 1382; x_wconf 88' lang='lat' dir='ltr'>reapse</span> <span class='ocrx_word' id='word_1_134' title='bbox 1791 1318 1974 1365; x_wconf 79' lang='lat' dir='ltr'>textus</span> <span class='ocrx_word' id='word_1_135' title='bbox 2026 1314 2161 1365; x_wconf 91' lang='lat' dir='ltr'>nulli</span> <span class='ocrx_word' id='word_1_136' title='bbox 2213 1332 2281 1366; x_wconf 81' lang='lat' dir='ltr'>ex</span> <span class='ocrx_word' id='word_1_137' title='bbox 2352 1351 2357 1357; x_wconf 81' lang='grc'><em>.</em></span> 
     </span>
    </p>
   </div>
   <div class='ocr_carea' id='block_1_4' title="bbox 14 1394 2282 3464">
    <p class='ocr_par' dir='ltr' id='par_1_4' title="bbox 68 1394 2282 2282">
     <span class='ocr_line' id='line_1_15' title="bbox 68 1394 2281 1465; baseline 0 -17"><span class='ocrx_word' id='word_1_138' title='bbox 68 1396 347 1448; x_wconf 67' lang='lat' dir='ltr'>Sententiis</span> <span class='ocrx_word' id='word_1_139' title='bbox 398 1412 573 1464; x_wconf 90' lang='lat' dir='ltr'>neque</span> <span class='ocrx_word' id='word_1_140' title='bbox 614 1394 762 1446; x_wconf 85' lang='lat' dir='ltr'>favet</span> <span class='ocrx_word' id='word_1_141' title='bbox 797 1413 972 1464; x_wconf 91' lang='lat' dir='ltr'>neque</span> <span class='ocrx_word' id='word_1_142' title='bbox 1012 1402 1198 1461; x_wconf 87' lang='lat' dir='ltr'>nocet,</span> <span class='ocrx_word' id='word_1_143' title='bbox 1254 1397 1380 1465; x_wconf 90' lang='lat' dir='ltr'>quia</span> <span class='ocrx_word' id='word_1_144' title='bbox 1418 1401 1601 1449; x_wconf 79' lang='lat' dir='ltr'>textus</span> <span class='ocrx_word' id='word_1_145' title='bbox 1642 1398 1715 1448; x_wconf 92' lang='lat' dir='ltr'>sic</span> <span class='ocrx_word' id='word_1_146' title='bbox 1756 1415 1812 1449; x_wconf 90' lang='lat' dir='ltr'>se</span> <span class='ocrx_word' id='word_1_147' title='bbox 1852 1397 2044 1449; x_wconf 90' lang='lat' dir='ltr'>habet:</span> <span class='ocrx_word' id='word_1_148' title='bbox 2105 1397 2281 1464; x_wconf 65' lang='lat' dir='ltr'>,Pnde</span> 
     </span>
     <span class='ocr_line' id='line_1_16' title="bbox 70 1478 2282 1549; baseline 0.001 -19"><span class='ocrx_word' id='word_1_149' title='bbox 70 1479 374 1549; x_wconf 90' lang='lat' dir='ltr'>quicunque</span> <span class='ocrx_word' id='word_1_150' title='bbox 425 1478 480 1530; x_wconf 92' lang='lat' dir='ltr'>in</span> <span class='ocrx_word' id='word_1_151' title='bbox 520 1478 621 1529; x_wconf 89' lang='lat' dir='ltr'>hac</span> <span class='ocrx_word' id='word_1_152' title='bbox 673 1478 946 1530; x_wconf 85' lang='lat' dir='ltr'>Cathedra</span> <span class='ocrx_word' id='word_1_153' title='bbox 986 1479 1234 1531; x_wconf 87' lang='lat' dir='ltr'>Romana</span> <span class='ocrx_word' id='word_1_154' title='bbox 1273 1480 1437 1531; x_wconf 88' lang='lat' dir='ltr'>Petro</span> <span class='ocrx_word' id='word_1_155' title='bbox 1479 1480 1749 1545; x_wconf 84' lang='lat' dir='ltr'>succedit,</span> <span class='ocrx_word' id='word_1_156' title='bbox 1805 1481 1848 1531; x_wconf 93' lang='lat' dir='ltr'>is</span> <span class='ocrx_word' id='word_1_157' title='bbox 1888 1482 2042 1532; x_wconf 79' lang='lat' dir='ltr'>iuxta</span> <span class='ocrx_word' id='word_1_158' title='bbox 2083 1480 2282 1532; x_wconf 84' lang='lat' dir='ltr'>Christi</span> 
     </span>
     <span class='ocr_line' id='line_1_17' title="bbox 69 1561 2281 1631; baseline 0 -17"><span class='ocrx_word' id='word_1_159' title='bbox 69 1562 234 1631; x_wconf 89' lang='lat' dir='ltr'>ipsius</span> <span class='ocrx_word' id='word_1_160' title='bbox 272 1561 664 1613; x_wconf 87' lang='lat' dir='ltr'>institutionem</span> <span class='ocrx_word' id='word_1_161' title='bbox 704 1561 1005 1613; x_wconf 89' lang='lat' dir='ltr'>Primatum</span> <span class='ocrx_word' id='word_1_162' title='bbox 1045 1562 1195 1614; x_wconf 85' lang='lat' dir='ltr'>Petri</span> <span class='ocrx_word' id='word_1_163' title='bbox 1247 1562 1301 1613; x_wconf 93' lang='lat' dir='ltr'>in</span> <span class='ocrx_word' id='word_1_164' title='bbox 1341 1563 1649 1615; x_wconf 85' lang='lat' dir='ltr'>universam</span> <span class='ocrx_word' id='word_1_165' title='bbox 1687 1563 1987 1615; x_wconf 87' lang='lat' dir='ltr'>Ecclesiam</span> <span class='ocrx_word' id='word_1_166' title='bbox 2039 1563 2281 1615; x_wconf 88' lang='lat' dir='ltr'>obtinet.‘</span> 
     </span>
     <span class='ocr_line' id='line_1_18' title="bbox 70 1643 2281 1714; baseline 0 -17"><span class='ocrx_word' id='word_1_167' title='bbox 70 1643 379 1697; x_wconf 86' lang='lat' dir='ltr'>Offenditur</span> <span class='ocrx_word' id='word_1_168' title='bbox 418 1644 593 1695; x_wconf 75' lang='lat' dir='ltr'>illffius</span> <span class='ocrx_word' id='word_1_169' title='bbox 632 1662 939 1713; x_wconf 89' lang='lat' dir='ltr'>proponens</span> <span class='ocrx_word' id='word_1_170' title='bbox 990 1663 1059 1697; x_wconf 78' lang='lat' dir='ltr'>ex</span> <span class='ocrx_word' id='word_1_171' title='bbox 1111 1663 1206 1711; x_wconf 87' lang='lat' dir='ltr'>e0,</span> <span class='ocrx_word' id='word_1_172' title='bbox 1266 1646 1410 1714; x_wconf 92' lang='lat' dir='ltr'>quod</span> <span class='ocrx_word' id='word_1_173' title='bbox 1448 1646 1583 1697; x_wconf 89' lang='lat' dir='ltr'>illud</span> <span class='ocrx_word' id='word_1_174' title='bbox 1632 1647 1793 1714; x_wconf 53' lang='lat' dir='ltr'>‘ipsius</span> <span class='ocrx_word' id='word_1_175' title='bbox 1845 1647 2152 1698; x_wconf 72' lang='lat' dir='ltr'>institutione</span> <span class='ocrx_word' id='word_1_176' title='bbox 2201 1664 2281 1698; x_wconf 91' lang='lat' dir='ltr'>re-</span> 
     </span>
     <span class='ocr_line' id='line_1_19' title="bbox 69 1727 2280 1798; baseline 0.001 -19"><span class='ocrx_word' id='word_1_177' title='bbox 69 1728 271 1781; x_wconf 89' lang='lat' dir='ltr'>feratur</span> <span class='ocrx_word' id='word_1_178' title='bbox 309 1734 420 1780; x_wconf 90' lang='lat' dir='ltr'>tam</span> <span class='ocrx_word' id='word_1_179' title='bbox 470 1727 538 1780; x_wconf 89' lang='lat' dir='ltr'>ad</span> <span class='ocrx_word' id='word_1_180' title='bbox 588 1728 984 1780; x_wconf 87' lang='lat' dir='ltr'>successionem</span> <span class='ocrx_word' id='word_1_181' title='bbox 1035 1729 1090 1779; x_wconf 91' lang='lat' dir='ltr'>in</span> <span class='ocrx_word' id='word_1_182' title='bbox 1131 1728 1434 1795; x_wconf 87' lang='lat' dir='ltr'>Cathedra,</span> <span class='ocrx_word' id='word_1_183' title='bbox 1487 1747 1647 1798; x_wconf 87' lang='lat' dir='ltr'>quam</span> <span class='ocrx_word' id='word_1_184' title='bbox 1687 1730 1756 1781; x_wconf 85' lang='lat' dir='ltr'>ad</span> <span class='ocrx_word' id='word_1_185' title='bbox 1793 1729 2186 1782; x_wconf 88' lang='lat' dir='ltr'>successionem</span> <span class='ocrx_word' id='word_1_186' title='bbox 2227 1730 2280 1781; x_wconf 90' lang='lat' dir='ltr'>in</span> 
     </span>
     <span class='ocr_line' id='line_1_20' title="bbox 70 1811 2279 1883; baseline 0.001 -20"><span class='ocrx_word' id='word_1_187' title='bbox 70 1811 329 1864; x_wconf 91' lang='lat' dir='ltr'>Primatu.</span> <span class='ocrx_word' id='word_1_188' title='bbox 402 1811 512 1864; x_wconf 81' lang='lat' dir='ltr'>Sed</span> <span class='ocrx_word' id='word_1_189' title='bbox 552 1815 757 1864; x_wconf 83' lang='lat' dir='ltr'>attente</span> <span class='ocrx_word' id='word_1_190' title='bbox 797 1812 1003 1881; x_wconf 80' lang='lat' dir='ltr'>legenti</span> <span class='ocrx_word' id='word_1_191' title='bbox 1042 1812 1176 1865; x_wconf 90' lang='lat' dir='ltr'>haec</span> <span class='ocrx_word' id='word_1_192' title='bbox 1217 1814 1591 1882; x_wconf 88' lang='lat' dir='ltr'>aequivocatio</span> <span class='ocrx_word' id='word_1_193' title='bbox 1631 1818 1773 1865; x_wconf 88' lang='lat' dir='ltr'>stare</span> <span class='ocrx_word' id='word_1_194' title='bbox 1814 1831 1920 1865; x_wconf 91' lang='lat' dir='ltr'>non</span> <span class='ocrx_word' id='word_1_195' title='bbox 1960 1819 2162 1883; x_wconf 79' lang='lat' dir='ltr'>potest3</span> <span class='ocrx_word' id='word_1_196' title='bbox 2205 1814 2279 1865; x_wconf 89' lang='lat' dir='ltr'>di-</span> 
     </span>
     <span class='ocr_line' id='line_1_21' title="bbox 69 1894 2280 1966; baseline 0.002 -21"><span class='ocrx_word' id='word_1_197' title='bbox 69 1895 207 1948; x_wconf 89' lang='lat' dir='ltr'>citur</span> <span class='ocrx_word' id='word_1_198' title='bbox 247 1896 416 1960; x_wconf 90' lang='lat' dir='ltr'>enim,</span> <span class='ocrx_word' id='word_1_199' title='bbox 463 1894 607 1965; x_wconf 91' lang='lat' dir='ltr'>quod</span> <span class='ocrx_word' id='word_1_200' title='bbox 648 1896 953 1965; x_wconf 87' lang='lat' dir='ltr'>quicunque</span> <span class='ocrx_word' id='word_1_201' title='bbox 996 1896 1261 1962; x_wconf 86' lang='lat' dir='ltr'>succedit,</span> <span class='ocrx_word' id='word_1_202' title='bbox 1315 1897 1799 1966; x_wconf 89' lang='lat' dir='ltr'>quomodocunque</span> <span class='ocrx_word' id='word_1_203' title='bbox 1840 1897 2117 1962; x_wconf 85' lang='lat' dir='ltr'>succedat,</span> <span class='ocrx_word' id='word_1_204' title='bbox 2169 1898 2280 1950; x_wconf 79' lang='lat' dir='ltr'>sive</span> 
     </span>
     <span class='ocr_line' id='line_1_22' title="bbox 69 1978 2280 2048; baseline 0 -17"><span class='ocrx_word' id='word_1_205' title='bbox 69 1978 137 2031; x_wconf 87' lang='lat' dir='ltr'>de</span> <span class='ocrx_word' id='word_1_206' title='bbox 176 1979 291 2032; x_wconf 90' lang='lat' dir='ltr'>iure</span> <span class='ocrx_word' id='word_1_207' title='bbox 343 1978 525 2031; x_wconf 83' lang='lat' dir='ltr'>divino</span> <span class='ocrx_word' id='word_1_208' title='bbox 575 1979 629 2029; x_wconf 93' lang='lat' dir='ltr'>in</span> <span class='ocrx_word' id='word_1_209' title='bbox 671 1980 845 2048; x_wconf 88' lang='lat' dir='ltr'>prima</span> <span class='ocrx_word' id='word_1_210' title='bbox 894 1981 1189 2043; x_wconf 78' lang='lat' dir='ltr'>sententia,</span> <span class='ocrx_word' id='word_1_211' title='bbox 1244 1981 1355 2033; x_wconf 84' lang='lat' dir='ltr'>sive</span> <span class='ocrx_word' id='word_1_212' title='bbox 1408 1981 1474 2033; x_wconf 90' lang='lat' dir='ltr'>de</span> <span class='ocrx_word' id='word_1_213' title='bbox 1526 1983 1641 2032; x_wconf 90' lang='lat' dir='ltr'>iure</span> <span class='ocrx_word' id='word_1_214' title='bbox 1692 1981 2054 2033; x_wconf 89' lang='lat' dir='ltr'>ecclesiastico</span> <span class='ocrx_word' id='word_1_215' title='bbox 2107 1982 2160 2032; x_wconf 89' lang='lat' dir='ltr'>in</span> <span class='ocrx_word' id='word_1_216' title='bbox 2203 1999 2280 2033; x_wconf 90' lang='lat' dir='ltr'>se-</span> 
     </span>
     <span class='ocr_line' id='line_1_23' title="bbox 70 2062 2279 2134; baseline 0.001 -21"><span class='ocrx_word' id='word_1_217' title='bbox 70 2062 241 2114; x_wconf 90' lang='lat' dir='ltr'>cunda</span> <span class='ocrx_word' id='word_1_218' title='bbox 269 2063 554 2129; x_wconf 89' lang='lat' dir='ltr'>sententia,</span> <span class='ocrx_word' id='word_1_219' title='bbox 595 2063 706 2114; x_wconf 87' lang='lat' dir='ltr'>sive</span> <span class='ocrx_word' id='word_1_220' title='bbox 735 2063 800 2115; x_wconf 90' lang='lat' dir='ltr'>de</span> <span class='ocrx_word' id='word_1_221' title='bbox 834 2064 949 2115; x_wconf 87' lang='lat' dir='ltr'>iure</span> <span class='ocrx_word' id='word_1_222' title='bbox 978 2064 1148 2116; x_wconf 82' lang='lat' dir='ltr'>mixto</span> <span class='ocrx_word' id='word_1_223' title='bbox 1190 2065 1245 2115; x_wconf 93' lang='lat' dir='ltr'>in</span> <span class='ocrx_word' id='word_1_224' title='bbox 1272 2065 1430 2116; x_wconf 89' lang='lat' dir='ltr'>tertia</span> <span class='ocrx_word' id='word_1_225' title='bbox 1466 2065 1750 2129; x_wconf 90' lang='lat' dir='ltr'>sententia,</span> <span class='ocrx_word' id='word_1_226' title='bbox 1794 2065 2279 2134; x_wconf 87' lang='lat' dir='ltr'>quomodocunque</span> 
     </span>
     <span class='ocr_line' id='line_1_24' title="bbox 68 2145 2280 2216; baseline 0.001 -19"><span class='ocrx_word' id='word_1_227' title='bbox 68 2145 346 2211; x_wconf 86' lang='lat' dir='ltr'>succedat,</span> <span class='ocrx_word' id='word_1_228' title='bbox 386 2147 430 2198; x_wconf 91' lang='lat' dir='ltr'>is</span> <span class='ocrx_word' id='word_1_229' title='bbox 470 2146 626 2198; x_wconf 79' lang='lat' dir='ltr'>iuxta</span> <span class='ocrx_word' id='word_1_230' title='bbox 666 2145 865 2198; x_wconf 84' lang='lat' dir='ltr'>Christi</span> <span class='ocrx_word' id='word_1_231' title='bbox 906 2147 1071 2216; x_wconf 82' lang='lat' dir='ltr'>ipsius</span> <span class='ocrx_word' id='word_1_232' title='bbox 1112 2148 1502 2200; x_wconf 78' lang='lat' dir='ltr'>institutionem</span> <span class='ocrx_word' id='word_1_233' title='bbox 1544 2148 1841 2200; x_wconf 86' lang='lat' dir='ltr'>Primatum</span> <span class='ocrx_word' id='word_1_234' title='bbox 1884 2149 2032 2200; x_wconf 89' lang='lat' dir='ltr'>Petri</span> <span class='ocrx_word' id='word_1_235' title='bbox 2072 2149 2125 2199; x_wconf 90' lang='lat' dir='ltr'>in</span> <span class='ocrx_word' id='word_1_236' title='bbox 2164 2149 2280 2200; x_wconf 91' lang='lat' dir='ltr'>uni-</span> 
     </span>
     <span class='ocr_line' id='line_1_25' title="bbox 70 2229 882 2282; baseline 0.004 -3"><span class='ocrx_word' id='word_1_237' title='bbox 70 2233 278 2282; x_wconf 76' lang='lat' dir='ltr'>versam</span> <span class='ocrx_word' id='word_1_238' title='bbox 317 2229 618 2281; x_wconf 85' lang='lat' dir='ltr'>Ecclesiam</span> <span class='ocrx_word' id='word_1_239' title='bbox 660 2229 882 2282; x_wconf 90' lang='lat' dir='ltr'>obtinet.</span> 
     </span>
    </p>

    <p class='ocr_par' dir='ltr' id='par_1_5' title="bbox 66 2312 2281 3212">
     <span class='ocr_line' id='line_1_26' title="bbox 218 2312 2279 2381; baseline 0.001 -18"><span class='ocrx_word' id='word_1_240' title='bbox 218 2312 442 2381; x_wconf 89' lang='lat' dir='ltr'>„Itaque</span> <span class='ocrx_word' id='word_1_241' title='bbox 489 2313 605 2364; x_wconf 90' lang='lat' dir='ltr'>iure</span> <span class='ocrx_word' id='word_1_242' title='bbox 658 2312 839 2364; x_wconf 82' lang='lat' dir='ltr'>divino</span> <span class='ocrx_word' id='word_1_243' title='bbox 887 2313 1164 2365; x_wconf 84' lang='lat' dir='ltr'>Romanus</span> <span class='ocrx_word' id='word_1_244' title='bbox 1204 2314 1462 2365; x_wconf 79' lang='lat' dir='ltr'>Pontifex</span> <span class='ocrx_word' id='word_1_245' title='bbox 1516 2314 1620 2365; x_wconf 90' lang='lat' dir='ltr'>dici</span> <span class='ocrx_word' id='word_1_246' title='bbox 1672 2314 1836 2366; x_wconf 90' lang='lat' dir='ltr'>debet</span> <span class='ocrx_word' id='word_1_247' title='bbox 1885 2314 2174 2367; x_wconf 88' lang='lat' dir='ltr'>succedere</span> <span class='ocrx_word' id='word_1_248' title='bbox 2225 2315 2279 2365; x_wconf 86' lang='lat' dir='ltr'>in</span> 
     </span>
     <span class='ocr_line' id='line_1_27' title="bbox 71 2395 2279 2467; baseline 0.001 -20"><span class='ocrx_word' id='word_1_249' title='bbox 71 2395 221 2448; x_wconf 91' lang='lat' dir='ltr'>Petri</span> <span class='ocrx_word' id='word_1_250' title='bbox 261 2395 521 2463; x_wconf 90' lang='lat' dir='ltr'>Primatu,</span> <span class='ocrx_word' id='word_1_251' title='bbox 561 2395 616 2447; x_wconf 89' lang='lat' dir='ltr'>id</span> <span class='ocrx_word' id='word_1_252' title='bbox 656 2395 799 2465; x_wconf 91' lang='lat' dir='ltr'>quod</span> <span class='ocrx_word' id='word_1_253' title='bbox 839 2414 1029 2466; x_wconf 86' lang='lat' dir='ltr'>reapse</span> <span class='ocrx_word' id='word_1_254' title='bbox 1071 2396 1324 2448; x_wconf 89' lang='lat' dir='ltr'>definitur</span> <span class='ocrx_word' id='word_1_255' title='bbox 1363 2398 1416 2448; x_wconf 89' lang='lat' dir='ltr'>in</span> <span class='ocrx_word' id='word_1_256' title='bbox 1459 2415 1679 2450; x_wconf 88' lang='lat' dir='ltr'>canone.</span> <span class='ocrx_word' id='word_1_257' title='bbox 1735 2398 1915 2467; x_wconf 85' lang='lat' dir='ltr'>Atque</span> <span class='ocrx_word' id='word_1_258' title='bbox 1955 2399 2010 2449; x_wconf 90' lang='lat' dir='ltr'>in</span> <span class='ocrx_word' id='word_1_259' title='bbox 2049 2398 2149 2449; x_wconf 90' lang='lat' dir='ltr'>hoc</span> <span class='ocrx_word' id='word_1_260' title='bbox 2192 2398 2279 2450; x_wconf 87' lang='lat' dir='ltr'>de-</span> 
     </span>
     <span class='ocr_line' id='line_1_28' title="bbox 70 2478 2279 2551; baseline 0.001 -21"><span class='ocrx_word' id='word_1_261' title='bbox 70 2478 275 2548; x_wconf 88' lang='lat' dir='ltr'>putatio</span> <span class='ocrx_word' id='word_1_262' title='bbox 306 2479 629 2545; x_wconf 74' lang='lat' dir='ltr'>observavit,</span> <span class='ocrx_word' id='word_1_263' title='bbox 660 2480 804 2548; x_wconf 91' lang='lat' dir='ltr'>quod</span> <span class='ocrx_word' id='word_1_264' title='bbox 832 2497 1023 2549; x_wconf 88' lang='lat' dir='ltr'>reapse</span> <span class='ocrx_word' id='word_1_265' title='bbox 1053 2481 1290 2533; x_wconf 89' lang='lat' dir='ltr'>redactio</span> <span class='ocrx_word' id='word_1_266' title='bbox 1322 2482 1559 2546; x_wconf 89' lang='lat' dir='ltr'>canonis,</span> <span class='ocrx_word' id='word_1_267' title='bbox 1587 2482 1664 2532; x_wconf 90' lang='lat' dir='ltr'>uti</span> <span class='ocrx_word' id='word_1_268' title='bbox 1694 2487 1809 2534; x_wconf 87' lang='lat' dir='ltr'>erat</span> <span class='ocrx_word' id='word_1_269' title='bbox 1836 2482 2026 2551; x_wconf 88' lang='lat' dir='ltr'>primo,</span> <span class='ocrx_word' id='word_1_270' title='bbox 2056 2482 2279 2533; x_wconf 85' lang='lat' dir='ltr'>forsitan</span> 
     </span>
     <span class='ocr_line' id='line_1_29' title="bbox 69 2562 2280 2633; baseline 0.001 -20"><span class='ocrx_word' id='word_1_271' title='bbox 69 2563 333 2631; x_wconf 86' lang='lat' dir='ltr'>potuisset</span> <span class='ocrx_word' id='word_1_272' title='bbox 370 2562 632 2631; x_wconf 89' lang='lat' dir='ltr'>praebere</span> <span class='ocrx_word' id='word_1_273' title='bbox 664 2563 882 2632; x_wconf 88' lang='lat' dir='ltr'>aliquod</span> <span class='ocrx_word' id='word_1_274' title='bbox 911 2563 1158 2628; x_wconf 71' lang='lat' dir='ltr'>dubium,</span> <span class='ocrx_word' id='word_1_275' title='bbox 1200 2564 1295 2616; x_wconf 90' lang='lat' dir='ltr'>sed</span> <span class='ocrx_word' id='word_1_276' title='bbox 1322 2565 1476 2616; x_wconf 81' lang='lat' dir='ltr'>iuxta</span> <span class='ocrx_word' id='word_1_277' title='bbox 1505 2564 1939 2617; x_wconf 87' lang='lat' dir='ltr'>emendationem</span> <span class='ocrx_word' id='word_1_278' title='bbox 1965 2565 2131 2633; x_wconf 88' lang='lat' dir='ltr'>ipsius</span> <span class='ocrx_word' id='word_1_279' title='bbox 2160 2564 2280 2616; x_wconf 71' lang='lat' dir='ltr'>Rffii</span> 
     </span>
     <span class='ocr_line' id='line_1_30' title="bbox 70 2644 2279 2716; baseline 0.001 -20"><span class='ocrx_word' id='word_1_280' title='bbox 70 2645 247 2697; x_wconf 84' lang='lat' dir='ltr'>Patris</span> <span class='ocrx_word' id='word_1_281' title='bbox 299 2644 537 2697; x_wconf 89' lang='lat' dir='ltr'>ablatum</span> <span class='ocrx_word' id='word_1_282' title='bbox 590 2645 692 2697; x_wconf 86' lang='lat' dir='ltr'>fuit</span> <span class='ocrx_word' id='word_1_283' title='bbox 742 2645 873 2696; x_wconf 86' lang='lat' dir='ltr'>illud</span> <span class='ocrx_word' id='word_1_284' title='bbox 925 2647 1057 2711; x_wconf 89' lang='lat' dir='ltr'>,iure</span> <span class='ocrx_word' id='word_1_285' title='bbox 1099 2647 1316 2698; x_wconf 81' lang='lat' dir='ltr'>divino‘.</span> <span class='ocrx_word' id='word_1_286' title='bbox 1395 2647 1530 2698; x_wconf 88' lang='lat' dir='ltr'>Cum</span> <span class='ocrx_word' id='word_1_287' title='bbox 1580 2648 1761 2716; x_wconf 87' lang='lat' dir='ltr'>itaque</span> <span class='ocrx_word' id='word_1_288' title='bbox 1812 2654 1866 2699; x_wconf 90' lang='lat' dir='ltr'>et</span> <span class='ocrx_word' id='word_1_289' title='bbox 1902 2649 2016 2716; x_wconf 91' lang='lat' dir='ltr'>ipse</span> <span class='ocrx_word' id='word_1_290' title='bbox 2059 2665 2279 2700; x_wconf 89' lang='lat' dir='ltr'>consen·</span> 
     </span>
     <span class='ocr_line' id='line_1_31' title="bbox 67 2728 2281 2799; baseline 0.001 -19"><span class='ocrx_word' id='word_1_291' title='bbox 67 2729 213 2794; x_wconf 87' lang='lat' dir='ltr'>serit,</span> <span class='ocrx_word' id='word_1_292' title='bbox 253 2734 313 2780; x_wconf 92' lang='lat' dir='ltr'>ut</span> <span class='ocrx_word' id='word_1_293' title='bbox 350 2728 406 2780; x_wconf 92' lang='lat' dir='ltr'>in</span> <span class='ocrx_word' id='word_1_294' title='bbox 435 2745 642 2781; x_wconf 88' lang='lat' dir='ltr'>canone</span> <span class='ocrx_word' id='word_1_295' title='bbox 683 2729 818 2780; x_wconf 91' lang='lat' dir='ltr'>nihil</span> <span class='ocrx_word' id='word_1_296' title='bbox 847 2729 1070 2796; x_wconf 90' lang='lat' dir='ltr'>dicatur,</span> <span class='ocrx_word' id='word_1_297' title='bbox 1112 2730 1371 2799; x_wconf 89' lang='lat' dir='ltr'>quidquid</span> <span class='ocrx_word' id='word_1_298' title='bbox 1400 2731 1609 2782; x_wconf 91' lang='lat' dir='ltr'>dicatur</span> <span class='ocrx_word' id='word_1_299' title='bbox 1648 2732 1702 2782; x_wconf 89' lang='lat' dir='ltr'>in</span> <span class='ocrx_word' id='word_1_300' title='bbox 1744 2732 1937 2799; x_wconf 87' lang='lat' dir='ltr'>capite,</span> <span class='ocrx_word' id='word_1_301' title='bbox 1978 2749 2084 2783; x_wconf 87' lang='lat' dir='ltr'>non</span> <span class='ocrx_word' id='word_1_302' title='bbox 2114 2730 2281 2783; x_wconf 88' lang='lat' dir='ltr'>officit</span> 
     </span>
     <span class='ocr_line' id='line_1_32' title="bbox 67 2810 2277 2882; baseline 0.002 -20"><span class='ocrx_word' id='word_1_303' title='bbox 67 2811 165 2862; x_wconf 92' lang='lat' dir='ltr'>ulli</span> <span class='ocrx_word' id='word_1_304' title='bbox 203 2811 522 2863; x_wconf 86' lang='lat' dir='ltr'>sententiae.</span> <span class='ocrx_word' id='word_1_305' title='bbox 601 2810 706 2863; x_wconf 83' lang='lat' dir='ltr'>Sed</span> <span class='ocrx_word' id='word_1_306' title='bbox 748 2816 989 2864; x_wconf 90' lang='lat' dir='ltr'>ceterum</span> <span class='ocrx_word' id='word_1_307' title='bbox 1029 2813 1132 2865; x_wconf 90' lang='lat' dir='ltr'>ista</span> <span class='ocrx_word' id='word_1_308' title='bbox 1181 2814 1478 2865; x_wconf 88' lang='lat' dir='ltr'>sententia:</span> <span class='ocrx_word' id='word_1_309' title='bbox 1533 2814 1637 2874; x_wconf 85' lang='lat' dir='ltr'>Qui</span> <span class='ocrx_word' id='word_1_310' title='bbox 1682 2813 1922 2866; x_wconf 89' lang='lat' dir='ltr'>succedit</span> <span class='ocrx_word' id='word_1_311' title='bbox 1960 2815 2015 2865; x_wconf 90' lang='lat' dir='ltr'>in</span> <span class='ocrx_word' id='word_1_312' title='bbox 2056 2814 2277 2882; x_wconf 86' lang='lat' dir='ltr'>Episco-</span> 
     </span>
     <span class='ocr_line' id='line_1_33' title="bbox 67 2893 2277 2962; baseline 0 -16"><span class='ocrx_word' id='word_1_313' title='bbox 67 2899 212 2962; x_wconf 79' lang='lat' dir='ltr'>patU,</span> <span class='ocrx_word' id='word_1_314' title='bbox 254 2911 323 2946; x_wconf 81' lang='lat' dir='ltr'>ex</span> <span class='ocrx_word' id='word_1_315' title='bbox 350 2894 468 2945; x_wconf 90' lang='lat' dir='ltr'>iure</span> <span class='ocrx_word' id='word_1_316' title='bbox 498 2893 678 2946; x_wconf 85' lang='lat' dir='ltr'>divino</span> <span class='ocrx_word' id='word_1_317' title='bbox 720 2894 963 2946; x_wconf 84' lang='lat' dir='ltr'>succedit</span> <span class='ocrx_word' id='word_1_318' title='bbox 1001 2895 1054 2946; x_wconf 89' lang='lat' dir='ltr'>in</span> <span class='ocrx_word' id='word_1_319' title='bbox 1083 2895 1345 2950; x_wconf 78' lang='lat' dir='ltr'>Primatu,</span> <span class='ocrx_word' id='word_1_320' title='bbox 1387 2914 1492 2948; x_wconf 88' lang='lat' dir='ltr'>non</span> <span class='ocrx_word' id='word_1_321' title='bbox 1524 2902 1603 2948; x_wconf 91' lang='lat' dir='ltr'>est</span> <span class='ocrx_word' id='word_1_322' title='bbox 1632 2897 1998 2949; x_wconf 86' lang='lat' dir='ltr'>convertibilis</span> <span class='ocrx_word' id='word_1_323' title='bbox 2025 2898 2079 2948; x_wconf 92' lang='lat' dir='ltr'>in</span> <span class='ocrx_word' id='word_1_324' title='bbox 2109 2897 2277 2949; x_wconf 87' lang='lat' dir='ltr'>hanc:</span> 
     </span>
     <span class='ocr_line' id='line_1_34' title="bbox 68 2977 2276 3046; baseline 0.002 -18"><span class='ocrx_word' id='word_1_325' title='bbox 68 2995 197 3046; x_wconf 86' lang='lat' dir='ltr'>ergo</span> <span class='ocrx_word' id='word_1_326' title='bbox 239 2978 330 3046; x_wconf 91' lang='lat' dir='ltr'>qui</span> <span class='ocrx_word' id='word_1_327' title='bbox 371 2977 613 3029; x_wconf 87' lang='lat' dir='ltr'>succedit</span> <span class='ocrx_word' id='word_1_328' title='bbox 652 2978 767 3029; x_wconf 85' lang='lat' dir='ltr'>iure</span> <span class='ocrx_word' id='word_1_329' title='bbox 810 2977 991 3030; x_wconf 81' lang='lat' dir='ltr'>divino</span> <span class='ocrx_word' id='word_1_330' title='bbox 1032 2979 1088 3030; x_wconf 91' lang='lat' dir='ltr'>in</span> <span class='ocrx_word' id='word_1_331' title='bbox 1126 2979 1398 3045; x_wconf 71' lang='lat' dir='ltr'>Primam,</span> <span class='ocrx_word' id='word_1_332' title='bbox 1455 2980 1619 3031; x_wconf 88' lang='lat' dir='ltr'>etiam</span> <span class='ocrx_word' id='word_1_333' title='bbox 1655 2980 1897 3031; x_wconf 89' lang='lat' dir='ltr'>succedit</span> <span class='ocrx_word' id='word_1_334' title='bbox 1936 2981 2052 3032; x_wconf 91' lang='lat' dir='ltr'>iure</span> <span class='ocrx_word' id='word_1_335' title='bbox 2096 2980 2276 3033; x_wconf 91' lang='lat' dir='ltr'>divino</span> 
     </span>
     <span class='ocr_line' id='line_1_35' title="bbox 66 3060 2277 3131; baseline 0.002 -20"><span class='ocrx_word' id='word_1_336' title='bbox 66 3060 121 3111; x_wconf 93' lang='lat' dir='ltr'>in</span> <span class='ocrx_word' id='word_1_337' title='bbox 160 3060 509 3130; x_wconf 80' lang='lat' dir='ltr'>EpiscopatU,</span> <span class='ocrx_word' id='word_1_338' title='bbox 550 3061 606 3111; x_wconf 94' lang='lat' dir='ltr'>in</span> <span class='ocrx_word' id='word_1_339' title='bbox 647 3060 948 3126; x_wconf 78' lang='lat' dir='ltr'>Cathedra3</span> <span class='ocrx_word' id='word_1_340' title='bbox 990 3079 1051 3114; x_wconf 89' lang='lat' dir='ltr'>ac</span> <span class='ocrx_word' id='word_1_341' title='bbox 1092 3062 1320 3131; x_wconf 90' lang='lat' dir='ltr'>proinde</span> <span class='ocrx_word' id='word_1_342' title='bbox 1362 3063 1539 3114; x_wconf 89' lang='lat' dir='ltr'>nullus</span> <span class='ocrx_word' id='word_1_343' title='bbox 1580 3064 1863 3131; x_wconf 86' lang='lat' dir='ltr'>scrupulus</span> <span class='ocrx_word' id='word_1_344' title='bbox 1905 3063 2068 3116; x_wconf 88' lang='lat' dir='ltr'>debet</span> <span class='ocrx_word' id='word_1_345' title='bbox 2107 3082 2277 3116; x_wconf 88' lang='lat' dir='ltr'>rema-</span> 
     </span>
     <span class='ocr_line' id='line_1_36' title="bbox 67 3144 925 3212; baseline 0.001 -18"><span class='ocrx_word' id='word_1_346' title='bbox 67 3160 194 3195; x_wconf 89' lang='lat' dir='ltr'>nere</span> <span class='ocrx_word' id='word_1_347' title='bbox 234 3144 359 3195; x_wconf 90' lang='lat' dir='ltr'>huic</span> <span class='ocrx_word' id='word_1_348' title='bbox 398 3148 508 3195; x_wconf 77' lang='lat' dir='ltr'>rffio</span> <span class='ocrx_word' id='word_1_349' title='bbox 549 3145 925 3212; x_wconf 83' lang='lat' dir='ltr'>propone11ti.“</span> 
     </span>
    </p>

    <p class='ocr_par' dir='ltr' id='par_1_6' title="bbox 14 3227 2275 3379">
     <span class='ocr_line' id='line_1_37' title="bbox 210 3227 2275 3298; baseline 0.002 -20"><span class='ocrx_word' id='word_1_350' title='bbox 210 3227 494 3279; x_wconf 86' lang='lat' dir='ltr'>Remansit</span> <span class='ocrx_word' id='word_1_351' title='bbox 533 3228 699 3295; x_wconf 83' lang='lat' dir='ltr'>igitur</span> <span class='ocrx_word' id='word_1_352' title='bbox 739 3233 938 3292; x_wconf 74' lang='lat' dir='ltr'>textUS,</span> <span class='ocrx_word' id='word_1_353' title='bbox 981 3246 1141 3297; x_wconf 86' lang='lat' dir='ltr'>quem</span> <span class='ocrx_word' id='word_1_354' title='bbox 1181 3229 1286 3280; x_wconf 80' lang='lat' dir='ltr'>iam</span> <span class='ocrx_word' id='word_1_355' title='bbox 1325 3235 1474 3298; x_wconf 87' lang='lat' dir='ltr'>patet</span> <span class='ocrx_word' id='word_1_356' title='bbox 1513 3230 1647 3281; x_wconf 90' lang='lat' dir='ltr'>nulli</span> <span class='ocrx_word' id='word_1_357' title='bbox 1688 3247 1757 3282; x_wconf 78' lang='lat' dir='ltr'>ex</span> <span class='ocrx_word' id='word_1_358' title='bbox 1796 3230 1967 3282; x_wconf 84' lang='lat' dir='ltr'>tribus</span> <span class='ocrx_word' id='word_1_359' title='bbox 2009 3230 2115 3281; x_wconf 89' lang='lat' dir='ltr'>illis</span> <span class='ocrx_word' id='word_1_360' title='bbox 2156 3248 2275 3282; x_wconf 89' lang='lat' dir='ltr'>sen-</span> 
     </span>
     <span class='ocr_line' id='line_1_38' title="bbox 14 3299 769 3379; baseline 0 -19"><span class='ocrx_word' id='word_1_361' title='bbox 14 3299 20 3303; x_wconf 35' lang='lat'><em>*</em></span> <span class='ocrx_word' id='word_1_362' title='bbox 65 3310 248 3361; x_wconf 89' lang='lat' dir='ltr'>tentiis</span> <span class='ocrx_word' id='word_1_363' title='bbox 289 3311 595 3379; x_wconf 89' lang='lat' dir='ltr'>oppositum</span> <span class='ocrx_word' id='word_1_364' title='bbox 636 3328 769 3362; x_wconf 88' lang='lat' dir='ltr'>esse.</span> 
     </span>
    </p>

    <p class='ocr_par' dir='ltr' id='par_1_7' title="bbox 209 3391 2275 3464">
     <span class='ocr_line' id='line_1_39' title="bbox 209 3391 2275 3464; baseline 0.002 -20"><span class='ocrx_word' id='word_1_365' title='bbox 209 3391 344 3444; x_wconf 78' lang='lat' dir='ltr'>Rffio</span> <span class='ocrx_word' id='word_1_366' title='bbox 384 3392 653 3463; x_wconf 86' lang='lat' dir='ltr'>Episcopo</span> <span class='ocrx_word' id='word_1_367' title='bbox 692 3392 945 3445; x_wconf 82' lang='lat' dir='ltr'>Calvensi</span> <span class='ocrx_word' id='word_1_368' title='bbox 984 3400 1165 3446; x_wconf 88' lang='lat' dir='ltr'>tamen</span> <span class='ocrx_word' id='word_1_369' title='bbox 1205 3395 1259 3445; x_wconf 91' lang='lat' dir='ltr'>in</span> <span class='ocrx_word' id='word_1_370' title='bbox 1299 3395 1563 3460; x_wconf 78' lang='lat' dir='ltr'>omnibuS,</span> <span class='ocrx_word' id='word_1_371' title='bbox 1606 3413 1742 3464; x_wconf 90' lang='lat' dir='ltr'>quae</span> <span class='ocrx_word' id='word_1_372' title='bbox 1783 3397 1837 3446; x_wconf 90' lang='lat' dir='ltr'>in</span> <span class='ocrx_word' id='word_1_373' title='bbox 1877 3396 2140 3448; x_wconf 86' lang='lat' dir='ltr'>relatione</span> <span class='ocrx_word' id='word_1_374' title='bbox 2181 3413 2275 3448; x_wconf 78' lang='lat' dir='ltr'>ex-</span> 
     </span>
    </p>
   </div>
   <div class='ocr_carea' id='block_1_5' title="bbox 69 3476 2361 3544">
    <p class='ocr_par' dir='ltr' id='par_1_8' title="bbox 69 3476 2361 3544">
     <span class='ocr_line' id='line_1_40' title="bbox 69 3476 2361 3544; baseline 0.002 -18"><span class='ocrx_word' id='word_1_375' title='bbox 69 3476 272 3543; x_wconf 87' lang='lat' dir='ltr'>posuit,</span> <span class='ocrx_word' id='word_1_376' title='bbox 320 3477 568 3528; x_wconf 87' lang='lat' dir='ltr'>assentiri</span> <span class='ocrx_word' id='word_1_377' title='bbox 610 3494 716 3528; x_wconf 93' lang='lat' dir='ltr'>non</span> <span class='ocrx_word' id='word_1_378' title='bbox 768 3495 1066 3544; x_wconf 80' lang='lat' dir='ltr'>possumus,</span> <span class='ocrx_word' id='word_1_379' title='bbox 1143 3476 1337 3530; x_wconf 88' lang='lat' dir='ltr'>Altera</span> <span class='ocrx_word' id='word_1_380' title='bbox 1375 3497 1441 3530; x_wconf 86' lang='lat' dir='ltr'>ex</span> <span class='ocrx_word' id='word_1_381' title='bbox 1482 3479 1654 3530; x_wconf 89' lang='lat' dir='ltr'>tribus</span> <span class='ocrx_word' id='word_1_382' title='bbox 1693 3479 1797 3530; x_wconf 90' lang='lat' dir='ltr'>illis</span> <span class='ocrx_word' id='word_1_383' title='bbox 1848 3479 2129 3530; x_wconf 89' lang='lat' dir='ltr'>sententiis</span> <span class='ocrx_word' id='word_1_384' title='bbox 2169 3497 2276 3531; x_wconf 92' lang='lat' dir='ltr'>non</span> <span class='ocrx_word' id='word_1_385' title='bbox 2348 3479 2361 3492; x_wconf 83' lang='lat'><strong><em>&#39;</em></strong></span> 
     </span>
    </p>
   </div>
   <div class='ocr_carea' id='block_1_6' title="bbox 43 3558 2275 3963">
    <p class='ocr_par' dir='ltr' id='par_1_9' title="bbox 43 3558 2275 3963">
     <span class='ocr_line' id='line_1_41' title="bbox 66 3558 2275 3632; baseline 0.003 -23"><span class='ocrx_word' id='word_1_386' title='bbox 66 3558 280 3612; x_wconf 88' lang='lat' dir='ltr'>videtur</span> <span class='ocrx_word' id='word_1_387' title='bbox 318 3559 472 3611; x_wconf 90' lang='lat' dir='ltr'>nobis</span> <span class='ocrx_word' id='word_1_388' title='bbox 512 3561 566 3611; x_wconf 89' lang='lat' dir='ltr'>in</span> <span class='ocrx_word' id='word_1_389' title='bbox 608 3560 829 3630; x_wconf 67' lang='lat' dir='ltr'>Syllabo</span> <span class='ocrx_word' id='word_1_390' title='bbox 866 3561 952 3612; x_wconf 91' lang='lat' dir='ltr'>Pii</span> <span class='ocrx_word' id='word_1_391' title='bbox 980 3561 1077 3613; x_wconf 85' lang='lat' dir='ltr'>IX.</span> <span class='ocrx_word' id='word_1_392' title='bbox 1122 3561 1392 3615; x_wconf 86' lang='lat' dir='ltr'>damnata.</span> <span class='ocrx_word' id='word_1_393' title='bbox 1445 3563 1751 3632; x_wconf 90' lang='lat' dir='ltr'>Propositio</span> <span class='ocrx_word' id='word_1_394' title='bbox 1789 3562 2027 3614; x_wconf 84' lang='lat' dir='ltr'>XXXV.</span> <span class='ocrx_word' id='word_1_395' title='bbox 2071 3562 2275 3632; x_wconf 77' lang='lat' dir='ltr'>Syllabi</span> 
     </span>
     <span class='ocr_line' id='line_1_42' title="bbox 69 3641 2275 3714; baseline 0.002 -21"><span class='ocrx_word' id='word_1_396' title='bbox 69 3641 201 3694; x_wconf 86' lang='lat' dir='ltr'>haec</span> <span class='ocrx_word' id='word_1_397' title='bbox 242 3648 348 3695; x_wconf 92' lang='lat' dir='ltr'>est:</span> <span class='ocrx_word' id='word_1_398' title='bbox 405 3644 586 3707; x_wconf 83' lang='lat' dir='ltr'>„Nihil</span> <span class='ocrx_word' id='word_1_399' title='bbox 627 3650 803 3710; x_wconf 90' lang='lat' dir='ltr'>vetat,</span> <span class='ocrx_word' id='word_1_400' title='bbox 854 3646 1080 3697; x_wconf 88' lang='lat' dir='ltr'>alicuius</span> <span class='ocrx_word' id='word_1_401' title='bbox 1122 3645 1348 3697; x_wconf 87' lang='lat' dir='ltr'>Concilii</span> <span class='ocrx_word' id='word_1_402' title='bbox 1402 3647 1671 3714; x_wconf 76' lang='lat' dir='ltr'>generalis</span> <span class='ocrx_word' id='word_1_403' title='bbox 1722 3647 1990 3698; x_wconf 90' lang='lat' dir='ltr'>sententia</span> <span class='ocrx_word' id='word_1_404' title='bbox 2029 3651 2121 3698; x_wconf 89' lang='lat' dir='ltr'>aut</span> <span class='ocrx_word' id='word_1_405' title='bbox 2160 3648 2275 3697; x_wconf 90' lang='lat' dir='ltr'>uni-</span> 
     </span>
     <span class='ocr_line' id='line_1_43' title="bbox 68 3728 2275 3800; baseline 0.001 -22"><span class='ocrx_word' id='word_1_406' title='bbox 68 3743 345 3790; x_wconf 82' lang='lat' dir='ltr'>versorum</span> <span class='ocrx_word' id='word_1_407' title='bbox 400 3728 722 3797; x_wconf 88' lang='lat' dir='ltr'>populorum</span> <span class='ocrx_word' id='word_1_408' title='bbox 774 3729 914 3781; x_wconf 89' lang='lat' dir='ltr'>facto</span> <span class='ocrx_word' id='word_1_409' title='bbox 967 3729 1246 3781; x_wconf 80' lang='lat' dir='ltr'>Summum</span> <span class='ocrx_word' id='word_1_410' title='bbox 1295 3729 1677 3781; x_wconf 86' lang='lat' dir='ltr'>Pontificatum</span> <span class='ocrx_word' id='word_1_411' title='bbox 1733 3729 1800 3781; x_wconf 89' lang='lat' dir='ltr'>ab</span> <span class='ocrx_word' id='word_1_412' title='bbox 1851 3729 2096 3781; x_wconf 88' lang='lat' dir='ltr'>Romano</span> <span class='ocrx_word' id='word_1_413' title='bbox 2148 3729 2275 3800; x_wconf 91' lang='lat' dir='ltr'>Epi-</span> 
     </span>
     <span class='ocr_line' id='line_1_44' title="bbox 43 3810 2269 3881; baseline 0.002 -21"><span class='ocrx_word' id='word_1_414' title='bbox 43 3825 229 3879; x_wconf 73' lang='lat' dir='ltr'>scopo</span> <span class='ocrx_word' id='word_1_415' title='bbox 268 3816 430 3880; x_wconf 92' lang='lat' dir='ltr'>atque</span> <span class='ocrx_word' id='word_1_416' title='bbox 458 3810 608 3863; x_wconf 88' lang='lat' dir='ltr'>Urbe</span> <span class='ocrx_word' id='word_1_417' title='bbox 650 3811 716 3862; x_wconf 90' lang='lat' dir='ltr'>ad</span> <span class='ocrx_word' id='word_1_418' title='bbox 758 3812 920 3863; x_wconf 87' lang='lat' dir='ltr'>alium</span> <span class='ocrx_word' id='word_1_419' title='bbox 949 3812 1279 3881; x_wconf 87' lang='lat' dir='ltr'>Episcopum</span> <span class='ocrx_word' id='word_1_420' title='bbox 1319 3814 1588 3881; x_wconf 87' lang='lat' dir='ltr'>aliamque</span> <span class='ocrx_word' id='word_1_421' title='bbox 1630 3813 1903 3863; x_wconf 82' lang='lat' dir='ltr'>civitatem</span> <span class='ocrx_word' id='word_1_422' title='bbox 1943 3812 2269 3865; x_wconf 78' lang='lat' dir='ltr'>transferri.“</span> 
     </span>
     <span class='ocr_line' id='line_1_45' title="bbox 67 3890 2273 3963; baseline 0.002 -21"><span class='ocrx_word' id='word_1_423' title='bbox 67 3890 130 3941; x_wconf 90' lang='lat' dir='ltr'>In</span> <span class='ocrx_word' id='word_1_424' title='bbox 181 3891 281 3943; x_wconf 91' lang='lat' dir='ltr'>hac</span> <span class='ocrx_word' id='word_1_425' title='bbox 336 3892 702 3961; x_wconf 87' lang='lat' dir='ltr'>propositione</span> <span class='ocrx_word' id='word_1_426' title='bbox 742 3893 959 3945; x_wconf 88' lang='lat' dir='ltr'>Ioannis</span> <span class='ocrx_word' id='word_1_427' title='bbox 1000 3894 1211 3963; x_wconf 70' lang='lat' dir='ltr'>Nuytz,</span> <span class='ocrx_word' id='word_1_428' title='bbox 1267 3913 1404 3963; x_wconf 84' lang='lat' dir='ltr'>quae</span> <span class='ocrx_word' id='word_1_429' title='bbox 1453 3896 1558 3946; x_wconf 84' lang='lat' dir='ltr'>iam</span> <span class='ocrx_word' id='word_1_430' title='bbox 1614 3895 1868 3946; x_wconf 85' lang='lat' dir='ltr'>damnata</span> <span class='ocrx_word' id='word_1_431' title='bbox 1920 3900 2036 3946; x_wconf 86' lang='lat' dir='ltr'>erat</span> <span class='ocrx_word' id='word_1_432' title='bbox 2076 3895 2273 3947; x_wconf 80' lang='lat' dir='ltr'>Literis</span> 
     </span>
    </p>
   </div>
  </div>
 </body>
</html>
