2548 4290
167 114 269 166 120
586 115 699 156 Pars
733 114 790 154 ΙΙ.
858 112 1014 155 Const.
1048 112 1103 155 (le
1135 113 1357 155 Ecclesia.
1424 110 1535 168 Cap.
1571 114 1605 154 Ι.
1670 114 1782 155 Eius
1816 115 2021 157 historia.

161 267 272 315 tres
320 262 552 314 multum
594 261 662 314 de
704 260 895 325 modo,
937 279 1046 332 quo
1088 261 1366 314 obiectum
1406 260 1819 315 infallibilitatis
1860 262 1916 314 in
1958 261 2238 316 schemate
2280 262 2440 317 exhi-

163 347 404 413 beretur,
448 345 826 415 disputarunt,
869 346 936 399 de
979 364 1087 417 qua
1126 364 1186 399 re
1227 345 1372 399 infra
1412 346 1639 415 speciali
1681 347 2145 401 commentatione
2188 352 2384 418 agetur
2406 347 2440 400 ¹.

311 434 742 488 Emendationes
794 453 826 488 a
867 435 1126 488 Patribus
1183 436 1500 506 propositae
1557 437 1801 489 omnium
1855 436 2132 505 suffragiis
2188 436 2441 490 subiicie-

162 519 361 572 bantur
402 520 456 571 in
500 519 949 590 Congregatione
991 520 1240 591 generali
1283 520 1625 591 octogesima
1668 526 1865 591 quarta
1908 521 1959 574 d.
2006 524 2090 575 11.
2133 521 2263 574 Iulii
2284 520 2321 575 ².

307 607 373 660 In
415 608 725 676 schemate,
781 610 928 680 quod
971 628 1002 661 a
1045 608 1405 679 deputatione
1447 608 1709 661 Patribus
1763 615 1881 663 erat
1920 609 2222 679 traditum,
2276 616 2443 682 caput

161 697 418 762 quartum
460 693 673 747 duabus
715 695 1004 748 constabat
1034 695 1417 765 paragraphiS,
1461 712 1696 765 quarum
1726 695 1910 765 priore
1952 696 2269 749 testimonia
2299 695 2442 750 Con-

161 777 429 844 ciliorum,
472 779 649 832 altera
689 780 810 851 ipsa
851 780 1099 833 definitio
1143 779 1535 832 continebatur
1557 778 1593 832 3.
1661 780 1980 834 Secundum
2023 781 2443 836 emendationes

161 880 191 913 a
233 863 493 917 Patribus
547 868 859 935 propositas
913 884 943 918 a
987 865 1349 937 deputatione
1404 871 1516 919 tres
1569 866 1909 937 paragraphi
1964 867 2204 921 insertae
2260 867 2441 930 sunt4,

160 966 301 1019 quae
354 951 535 1020 quoad
588 951 992 1005 substantiam5
1032 953 1087 1004 in
1134 951 1540 1005 Constitutione
1596 970 1626 1004 a
1670 951 1918 1006 Concilio
1972 953 2281 1024 approbata
2321 971 2446 1023 per-

161 1043 484 1089 manserunt
504 1035 540 1091 ⁶.
621 1037 733 1091 Cur
774 1038 996 1091 additae
1039 1039 1149 1091 sint
1190 1044 1244 1091 et
1287 1037 1420 1109 quid
1462 1038 1810 1105 contineant,
1868 1038 2054 1110 Episc.
2096 1037 2446 1091 Brixinensis

160 1120 215 1171 in
258 1121 530 1175 relatione
572 1124 794 1177 nomine
839 1124 1216 1194 deputationis
1267 1123 1458 1177 habita
1511 1124 1588 1176 ita
1631 1125 1910 1193 explicat:
1974 1124 2073 1190 „In
2114 1125 2218 1177 ista
2258 1142 2446 1178 emen·-

159 1205 383 1259 datione
427 1251 438 1262 .
483 1249 495 1261 .
537 1250 568 1275 .,
624 1227 766 1279 quae
808 1210 1033 1280 incipit:
1086 1210 1253 1277 ,Huic
1304 1210 1567 1281 pastorali
1619 1210 1834 1263 muneri
1879 1250 1890 1261 .
1935 1251 1945 1261 .
1989 1212 2019 1263 .‘
2073 1216 2127 1263 et
2168 1226 2309 1280 quae
2353 1208 2441 1262 de·

158 1290 289 1343 sinit
328 1292 385 1344 in
425 1293 595 1346 verba
636 1294 978 1361 ,solemniter
1018 1299 1302 1362 asserere‘,
1348 1339 1358 1350 .
1405 1339 1414 1348 .
1462 1338 1472 1349 .
1515 1295 1869 1348 continentur
1897 1295 2203 1366 sequentia.
2256 1295 2442 1348 Primo

160 1375 496 1430 describitur
540 1397 688 1447 cura,
732 1399 899 1451 quam
941 1380 1180 1434 Romani
1222 1380 1522 1433 Pontifices
1564 1386 1681 1432 tum
1722 1380 1826 1450 ipsi
1869 1383 1924 1432 in
1969 1398 2026 1433 se
2069 1379 2444 1452 suscipiebant

161 1481 260 1533 pro
302 1465 536 1519 veritate
590 1467 863 1521 catholica
916 1466 1299 1520 conservanda
1354 1473 1409 1520 et
1451 1466 1766 1534 dilatanda,
1822 1475 1938 1519 tum
1992 1484 2134 1537 quae
2176 1467 2308 1538 ipsis
2349 1466 2447 1518 im·

161 1549 340 1619 posita
381 1550 487 1604 fuit
527 1570 627 1623 per
668 1554 1072 1607 controversias
1102 1553 1231 1606 fidei
1273 1553 1326 1605 in
1370 1553 1536 1606 variis
1565 1553 1699 1606 locis
1741 1559 1796 1606 et
1837 1553 2177 1623 temporibus
2206 1557 2448 1606 exortas

161 1633 379 1688 Deinde
422 1655 452 1688 a
491 1638 675 1691 verbis
717 1639 973 1703 ,Romani
1014 1646 1200 1692 autem
1242 1639 1559 1707 PontificeS,
1605 1646 1771 1711 prout
1811 1645 2124 1710 temporum
2168 1644 2222 1692 et
2260 1656 2447 1692 rerum

161 1720 405 1774 conditio
457 1724 727 1778 suadebat
770 1769 779 1779 .
824 1768 833 1778 .
875 1726 903 1778 .‘
947 1725 1278 1779 describitur
1329 1725 1536 1796 agendi
1590 1726 1759 1792 ratic,
1814 1743 1922 1796 qua
1974 1725 2216 1778 Romani
2256 1724 2448 1778 Ponti-

162 1805 293 1858 fices
346 1807 403 1860 in
464 1809 878 1864 definitionibus
934 1812 1263 1882 dogmaticis
1317 1829 1537 1882 semper
1593 1811 1677 1864 usi
1734 1818 1862 1864 sunt
1916 1818 1971 1865 et
2022 1816 2254 1864 utuntur
2296 1815 2351 1864 et
2391 1811 2448 1863 in

163 1897 446 1962 posterum
491 1896 656 1949 etiam
699 1902 942 1951 utentur.
997 1898 1136 1951 Inde
1179 1917 1208 1950 a
1252 1897 1435 1951 verbis
1478 1915 1639 1968 ,quae
1682 1897 1850 1950 sacris
1878 1896 2178 1968 Scripturis
2220 1901 2275 1950 et
2316 1913 2448 1967 apo-

164 1978 373 2032 stolicis
417 1982 808 2036 traditionibus
850 1989 1225 2037 consentanea
1270 2026 1279 2036 .
1324 2026 1334 2038 .
1379 1985 1410 2037 .‘
1456 1983 1806 2050 describitur,
1850 1982 1996 2054 quod
2037 1982 2275 2035 Romani
2304 1982 2448 2035 Pon-

164 2063 338 2118 tifices
381 2065 652 2121 definiunt
694 2070 871 2122 innixi
907 2070 1077 2124 Sacra
1119 2070 1406 2141 Scriptura
1448 2075 1501 2122 et
1543 2069 1859 2136 traditione,
1899 2069 1999 2122 sub
2042 2068 2218 2122 tutela
2246 2067 2450 2122 Christi

166 2155 220 2202 et
260 2153 573 2208 assistentia
615 2155 855 2227 Spiritus
898 2157 1119 2224 Sancti,
1174 2174 1315 2227 quae
1356 2174 1467 2209 non
1510 2161 1593 2209 est
1635 2155 2030 2208 confundenda
2071 2172 2197 2207 cum
2236 2153 2449 2208 revela-

165 2236 335 2289 tione.
415 2238 554 2293 Inde
608 2259 639 2293 a
691 2242 874 2295 verbis
928 2242 1196 2309 ,Quorum
1255 2241 1479 2312 quidem
1535 2241 1898 2311 apostolicam
1957 2240 2263 2294 doctrinam
2307 2279 2318 2291 .
2363 2280 2374 2291 .
2416 2239 2449 2296 ἐ

167 2320 498 2377 describitur
540 2327 764 2393 modus,
823 2346 930 2399 quo
974 2328 1326 2380 definitiones
1366 2327 1606 2380 Romani
1647 2327 1934 2379 Pontificis
1975 2345 2046 2380 ex
2088 2325 2452 2396 promissione

168 2406 373 2462 Christi
430 2417 694 2483 tanquam
751 2414 977 2467 veritati
1030 2419 1438 2467 consentaneae
1493 2417 1547 2466 et
1600 2412 2015 2483 irrefragabiles
2070 2411 2297 2466 fuerunt
2337 2428 2452 2463 sus-

166 2499 399 2563 ceptae,
461 2503 516 2549 et
573 2499 850 2568 quomodo
911 2500 1014 2552 hac
1070 2500 1190 2569 ipsa
1242 2516 1301 2551 re
1356 2498 1646 2551 consensio
1701 2498 2061 2551 ecclesiarum
2118 2515 2219 2568 per
2259 2495 2448 2549 orbem

166 2577 542 2650 dispersarum
584 2601 708 2636 cum
751 2585 1001 2638 Ecclesia
1042 2584 1315 2652 Romana,
1375 2590 1430 2637 et
1469 2584 1590 2637 vice
1633 2601 1794 2636 versa
1835 2581 2122 2635 Romanae
2164 2581 2450 2635 Ecclesiae

168 2684 294 2719 cuni
335 2668 562 2740 reliquis
616 2672 857 2724 maxime
913 2673 1104 2725 enitet.
1186 2671 1324 2724 Inde
1378 2689 1410 2723 a
1451 2671 1635 2724 verbis
1678 2670 1821 2738 ,Hoc
1874 2670 2045 2740 igitur
2097 2668 2346 2722 veritatis
2398 2672 2454 2721 et

168 2751 298 2805 fidei
344 2795 354 2805 .
398 2796 409 2806 .
455 2755 486 2808 ,ί
531 2756 862 2810 describitur
903 2758 1043 2824 finis,
1086 2757 1155 2811 ob
1200 2776 1364 2828 quem
1407 2756 1659 2810 Christus
1691 2756 1966 2810 Dominus
2006 2754 2455 2825 praerogativam

167 2838 504 2895 inerrantiae
534 2842 666 2896 Sedi
694 2842 1056 2914 Apostolicae
1087 2862 1182 2896 seu
1213 2843 1470 2896 Pontifici
1500 2843 1755 2896 Romano
1786 2840 2073 2894 concessit.
2121 2839 2274 2892 Finis
2305 2839 2452 2893 enim

171 2924 331 2978 huius
374 2927 504 2980 doni
547 2934 629 2982 est
675 2928 881 2982 bonum
923 2930 1210 2982 Ecclesiae
1252 2929 1308 2981 in
1366 2929 1612 2982 omnium
1655 2928 1926 2993 salutem,
1982 2931 2041 2978 ut
2081 2942 2312 2978 munere
2355 2942 2453 2977 suo

169 3009 516 3080 fungeretur,
560 3020 615 3067 et
656 3014 881 3085 quidem
923 3021 1040 3067 tum
1070 3015 1388 3069 consecutio
1418 3032 1584 3067 sanae
1627 3013 1931 3078 doctrinae,
1971 3017 2088 3063 tum
2115 3011 2297 3063 unitas
2325 3009 2456 3063 fidei

171 3101 227 3149 et
269 3097 583 3167 charitatiS,
636 3107 754 3152 tum
797 3118 975 3154 nexus
1030 3100 1339 3153 indivulsus
1396 3100 1541 3153 inter
1594 3098 2024 3152 fundamentum
2075 3100 2130 3149 et
2169 3095 2454 3148 Ecclesiae

324 3324 339 3351 1
376 3323 501 3388 Cap.
529 3324 600 3373 ΙΙ.
627 3327 900 3373 comment.
932 3324 1029 3373 IX.
1151 3322 1167 3350 ²
1191 3323 1326 3372 Acta
1353 3327 1450 3372 etc.
1500 3321 1556 3371 C.
1583 3322 1646 3370 V.
1675 3323 1769 3370 758
1790 3320 1836 3369 b.
1958 3318 1974 3347 ³
2002 3319 2057 3369 C.
2085 3319 2147 3366 V.
2177 3320 2316 3369 2721)
2344 3333 2455 3382 sqq.

323 3400 342 3429 4
378 3402 783 3450 Emendationes
822 3405 919 3450 etc.
993 3400 1048 3449 C.
1088 3401 1151 3449 V.
1191 3402 1331 3450 387b
1373 3416 1482 3464 sqq.
1524 3428 1585 3433 —
1621 3398 1703 3446 Ex
1739 3397 1887 3446 actis.
1937 3396 1993 3446 C.
2031 3397 2094 3445 V.
2138 3398 2310 3445 1694a
2347 3411 2457 3459 sqq.

324 3479 339 3507 ⁵
378 3480 504 3528 Loci
541 3495 606 3528 ex
631 3479 715 3528 SS.
744 3481 960 3527 Irenaeo
992 3484 1043 3527 et
1068 3478 1382 3541 Augustino,
1423 3478 1511 3542 qui
1548 3476 1800 3525 schemati
1836 3491 1867 3523 a
1905 3474 2240 3538 deputatione
2274 3488 2459 3537 propo-

174 3560 272 3608 sito
312 3559 397 3619 (cf.
437 3559 492 3608 C.
525 3558 588 3607 V.
626 3560 721 3606 387
743 3557 793 3617 d)
831 3558 1065 3618 inerant,
1104 3561 1221 3619 post
1258 3556 1631 3604 discussionem
1667 3555 1720 3602 in
1756 3552 2176 3615 Congregatione
2223 3550 2456 3615 generali

173 3638 404 3685 habitam
442 3636 527 3698 (cf.
566 3636 914 3699 Exceptiones
953 3639 1049 3683 etc.
1111 3633 1166 3683 C.
1203 3634 1267 3683 V.
1305 3636 1400 3681 442
1419 3634 1465 3681 d.
1503 3632 1644 3680 44ssd
1682 3629 1813 3694 sqq.)
1853 3646 1883 3679 a
1920 3629 2257 3693 deputatione
2309 3627 2457 3676 omit·

176 3716 422 3764 tebantur
459 3714 559 3775 (Ex
598 3714 727 3762 actis
754 3716 850 3761 etc.
891 3711 947 3760 C.
975 3712 1038 3759 V.
1070 3713 1194 3760 1695
1214 3713 1261 3761 b.
1289 3740 1353 3747 —
1378 3712 1459 3759 Ex
1497 3709 1694 3758 diurnis
1723 3712 1820 3757 etc.
1870 3707 1926 3757 C.
1951 3707 2014 3756 V.
2046 3708 2171 3755 1702
2191 3706 2255 3765 c).
2303 3704 2451 3765 Vide,

178 3808 311 3855 quae
364 3793 425 3840 de
476 3793 573 3840 hac
633 3806 690 3839 re
740 3789 1064 3838 Brixinensis
1125 3790 1178 3836 in
1237 3789 1420 3838 ultima
1484 3787 1738 3836 relatione
1790 3785 1859 3846 (d.
1913 3787 1989 3835 16.
2038 3783 2178 3842 Iulii)
2230 3784 2458 3847 disputat

177 3868 233 3918 C.
260 3870 323 3917 V.
363 3872 457 3917 473
479 3885 504 3917 c
541 3885 651 3932 sqq.

329 3949 345 3978 ὅ
385 3950 439 3999 C.
477 3950 540 3999 V.
578 3952 723 4000 436b
764 3964 875 4013 sqq.
