2548 4290
639 171 751 212 Eius
785 185 881 225 cap.
913 173 991 213 IV.
1048 174 1117 213 De
1149 173 1229 216 SS.
1261 175 1495 216 Pontificis
1527 175 1862 219 infallibilitate.
2250 180 2354 230 233

295 314 388 383 [5.]
429 314 657 384 Itaque1
699 314 811 366 Nos
862 315 1137 368 traditioni
1179 334 1210 367 a
1259 316 1386 368 fidei
1419 316 1755 370 Christianae
1801 320 2026 372 exordio
2066 326 2355 389 perceptae

146 398 378 451 fideliter
416 397 766 462 inhaerendO,
809 398 875 449 ad
902 398 1008 449 Dei
1037 398 1331 451 Salvatoris
1358 400 1527 452 nostri
1567 400 1813 468 gloriam,
1852 403 2130 471 religionis
2159 403 2355 455 Catho-

146 481 281 534 licae
322 482 712 534 exaltationem
755 487 808 532 et
849 481 1277 534 Christianorum
1317 483 1641 552 populorum
1682 484 1925 550 salutem,
1972 503 2122 538 sacro
2164 504 2355 556 appro-

146 564 309 617 bante
338 565 597 630 ConciliO,
639 564 893 616 docemus
933 570 987 616 et
1027 565 1283 617 divinitus
1322 566 1620 617 revelatum
1664 566 1859 635 dogma
1887 586 2003 620 esse
2046 569 2354 621 definimus:

146 647 454 699 Romanum
494 647 815 699 Pontificem
835 646 870 713 2,
927 666 1049 699 cum
1090 666 1159 700 ex
1202 648 1475 700 Cathedra
1514 649 1751 718 loquitur
1770 648 1805 715 3,
1854 650 1910 701 id
1950 656 2044 718 est,
2086 670 2207 704 cum
2248 670 2357 704 om-

145 732 293 782 nium
321 731 749 783 Christianorum
773 731 1015 783 Pastoris
1056 737 1110 784 et
1137 732 1388 783 Doctoris
1428 751 1653 785 munere
1680 733 1927 802 fungenS,
1969 754 2064 804 pro
2106 755 2357 804 suprema

145 832 241 866 sua
267 814 586 885 Apostolica
625 815 985 867 auctoritate⁴
1027 816 1325 867 doctrinam
1368 816 1434 867 de
1461 817 1566 868 fide
1606 818 1693 869 vel
1734 818 1970 870 moribus
1996 819 2063 870 ab
2104 820 2357 871 universa

291 938 305 965 ¹
347 940 437 999 „In
472 939 571 986 ista
606 939 895 986 definitione
937 940 1104 1000 agitur
1144 942 1184 986 1.
1223 940 1283 986 de
1320 940 1547 987 subiecto
1584 940 1961 988 infallibilitatis
2000 978 2009 988 .
2040 978 2048 988 .
2076 959 2114 1002 ‚3
2162 944 2206 989 2.
2245 957 2359 989 con-

143 1015 336 1062 tinetur
388 1019 530 1062 actus
579 1030 667 1061 seu
719 1015 939 1076 qualitas
992 1018 1041 1061 et
1090 1015 1308 1061 conditio
1358 1019 1502 1061 actus
1537 1015 1815 1062 infallibilis
1867 1017 2151 1076 pontificiae
2189 1017 2359 1064 defini-

144 1092 295 1138 tionis
333 1130 343 1140 .
381 1128 391 1139 .
430 1130 439 1139 .
507 1095 549 1138 3.
589 1129 599 1138 .
638 1130 648 1139 .
687 1129 696 1138 .
733 1092 1043 1152 Principium
1082 1107 1169 1138 seu
1218 1106 1370 1138 causa
1416 1091 1598 1138 efficax
1644 1091 2021 1139 infallibilitatis
2069 1098 2145 1140 est
2196 1094 2358 1141 tutela

145 1167 333 1215 Christi
381 1172 431 1215 et
478 1168 770 1215 assistentia
806 1168 1021 1229 Spiritus
1057 1167 1243 1214 Sancti.
1312 1169 1357 1214 4.
1395 1167 1697 1214 Continetur
1733 1203 1744 1215 .
1782 1203 1792 1212 .
1833 1205 1842 1214 .
1881 1168 2134 1216 obiectum
2174 1170 2360 1217 infalli-

144 1241 401 1291 bilitatis.“
476 1243 696 1301 (Relatio
735 1247 829 1290 etc.
900 1242 954 1290 C.
989 1243 1050 1289 V.
1089 1243 1227 1289 4141>
1266 1242 1394 1304 sqq.)

292 1319 307 1346 ²
342 1320 482 1367 Haec
519 1319 709 1366 Summi
744 1319 1003 1366 Pontificis
1049 1319 1386 1366 infallibilitas
1423 1319 1520 1365 dici
1556 1323 1725 1380 potest
1756 1321 2053 1379 personalis,
2109 1325 2357 1381 quatenus

144 1395 296 1442 Petro
336 1400 386 1443 et
424 1396 531 1442 eius
569 1396 947 1443 successoribus
984 1395 1174 1441 directe
1211 1398 1260 1441 et
1296 1395 1586 1441 immediate
1623 1396 1869 1455 promissa
1903 1399 1994 1455 est,
2035 1411 2201 1457 porro,
2240 1413 2359 1458 qua-

144 1475 293 1518 tenus
329 1471 576 1530 Pontifici,
614 1487 715 1518 non
750 1471 1009 1517 Romanae
1045 1470 1320 1529 Ecclesiae,
1360 1475 1410 1517 et
1447 1471 1654 1529 sedenti,
1693 1486 1792 1517 non
1830 1471 1934 1517 sedi
1971 1473 2225 1532 competit.
2276 1473 2362 1519 Vi-

145 1551 284 1595 tatur
320 1551 489 1594 autem
526 1548 650 1595 haec
687 1562 803 1606 vox,
839 1562 902 1593 ne
938 1546 1271 1593 infallibilitas
1304 1546 1539 1593 videatur
1565 1561 1810 1607 personae
1845 1547 2076 1607 privatae
2102 1547 2358 1596 Pontificis

143 1624 313 1671 tribui.
384 1623 466 1682 (V.
514 1639 669 1685 supra
719 1627 986 1669 comment.
1035 1622 1180 1668 VIII.
1232 1638 1277 1683 p.
1322 1623 1411 1668 175
1461 1622 1590 1684 sqq.)
1642 1649 1699 1653 —
1740 1621 1982 1684 Separatur
2034 1623 2130 1670 dici
2176 1629 2359 1683 potest,

145 1704 397 1761 quatenus
434 1699 484 1745 in
523 1699 727 1759 speciali
764 1699 1097 1759 promissione
1125 1697 1314 1744 Christi
1347 1697 1607 1757 fundatur,
1646 1715 1745 1745 non
1784 1699 1928 1759 quasi
1964 1714 2144 1760 papam
2181 1701 2241 1747 ab
2269 1700 2360 1746 Ec-

144 1775 298 1823 clesia
349 1779 562 1837 separet.
634 1773 782 1832 (Ibid.
833 1790 880 1835 p.
921 1776 1012 1820 180
1049 1773 1144 1835 sq.)
1184 1799 1242 1806 -—
1292 1773 1523 1821 Absoluta
1577 1774 1672 1820 dici
1723 1775 1922 1835 nequit,
1974 1789 2138 1836 neque
2191 1779 2359 1823 tamen

145 1851 207 1897 ad
246 1854 434 1898 certam
474 1850 775 1897 definitionis
823 1850 1037 1897 formam
1085 1849 1384 1896 servandam
1419 1848 1651 1895 Summus
1687 1849 1925 1896 Pontifex
1978 1854 2181 1896 tenetur
2218 1849 2358 1908 (ibid.

144 1943 190 1989 p.
230 1928 318 1973 181
359 1927 485 1988 sqq.)
521 1942 687 1988 neque
724 1927 785 1973 ad
834 1926 1179 1973 testimonium
1218 1930 1267 1973 et
1315 1926 1578 1972 consilium
1615 1926 1978 1987 Episcoporum
2016 1931 2135 1973 ante
2188 1927 2362 1974 defini-

145 2004 332 2051 tionem
372 2004 756 2065 exquirendum.
829 2002 1001 2061 (Ibid.)

291 2078 308 2105 ³
343 2079 729 2126 Postulantibus
776 2078 1017 2126 Patribus
1069 2078 1241 2124 addita
1288 2081 1364 2124 est
1408 2079 1532 2124 haee
1576 2078 1823 2137 formula,
1877 2082 2055 2138 utpote
2101 2079 2151 2124 in
2188 2079 2360 2125 schola

144 2159 366 2217 recepta.
413 2155 643 2214 (Emond.
683 2159 777 2203 etc.
826 2155 880 2202 C.
916 2155 976 2200 Y.
1016 2154 1153 2200 3761)
1192 2169 1301 2214 sqq.
1338 2182 1397 2187 —
1435 2154 1634 2200 Relatio
1674 2158 1767 2200 etc.
1818 2153 1871 2200 C.
1898 2154 1959 2200 V.
1986 2156 2138 2200 411a.
2178 2154 2359 2212 4141).)

289 2230 308 2257 ⁴
342 2232 664 2292 Requiritur,
702 2236 757 2278 ut
795 2230 1028 2278 Summus
1065 2230 1303 2277 Pontifex
1340 2244 1438 2275 non
1478 2230 1640 2276 solum
1677 2234 1918 2290 tanquam
1957 2246 2221 2291 supremus
2258 2246 2361 2277 om-

143 2308 280 2355 nium
320 2307 722 2355 Christianorum
760 2311 935 2367 pastor
973 2311 1022 2353 et
1060 2307 1237 2353 doctor
1274 2311 1418 2367 agat,
1473 2306 1558 2352 sed
1599 2306 1775 2365 ctiam,
1828 2310 1884 2352 ut
1919 2322 2145 2366 suprema
2181 2308 2360 2353 summi

141 2384 361 2445 pastoris
398 2383 704 2430 auctoritato
734 2384 882 2443 plena
919 2386 1095 2429 utatur
1132 2386 1181 2428 et
1214 2397 1318 2428 rem
1355 2382 1427 2428 ita
1464 2381 1718 2428 definitive
1755 2386 1804 2428 et
1829 2382 2007 2428 ultimo
2045 2382 2265 2442 definiat,
2304 2386 2361 2429 ut

142 2460 272 2507 hanc
308 2474 568 2521 nunquam
604 2461 702 2506 iam
740 2461 789 2506 in
828 2459 1034 2506 dubium
1071 2474 1254 2506 vocare
1290 2458 1455 2504 liceat.
1524 2458 1593 2505 Ut
1629 2458 1784 2519 igitur
1821 2463 2187 2518 cognoscatur,
2239 2474 2357 2505 num

142 2536 275 2583 adsit
309 2551 430 2583 vera
466 2535 743 2583 infallibilis
771 2535 1011 2593 definitio,
1049 2534 1318 2580 videndum
1348 2538 1438 2592 est,
1482 2537 1678 2591 „utrum
1710 2534 1968 2580 decretum
1993 2533 2205 2580 Romani
2231 2533 2360 2580 Pon-

144 2610 290 2658 tificis
335 2611 407 2658 ita
453 2614 753 2671 conceptum
802 2611 893 2669 sit,
945 2614 1001 2656 ut
1047 2613 1318 2670 appareat,
1372 2626 1399 2655 a
1447 2609 1672 2655 Romano
1721 2609 1965 2656 Pontifice
2015 2609 2201 2656 factam
2250 2625 2359 2656 0880

143 2702 314 2733 veram
350 2702 407 2733 ac
444 2687 697 2748 propriam
748 2685 1114 2744 definitionem,
1164 2700 1252 2731 seu
1286 2686 1660 2745 peremptorium
1708 2685 1861 2730 latam
1908 2686 2211 2744 sententiam,
2259 2700 2358 2732 non

144 2778 263 2810 vero
301 2763 672 2810 oeconomicam
710 2765 908 2809 tantum
944 2762 1165 2823 aliquam
1202 2760 1580 2821 responsionem
1629 2761 1707 2806 vel
1746 2759 2173 2820 dispositionen1“.
2244 2762 2360 2819 (Re-

144 2839 266 2886 latio
321 2839 381 2886 de
431 2839 872 2899 observationibus
926 2842 1020 2885 etc.
1091 2837 1144 2885 C.
1191 2837 1251 2884 V.
1289 2836 1460 2894 2880.)
1536 2837 1677 2897 „Non
1730 2835 1916 2888 suffieit
1968 2837 2129 2897 quivis
2180 2839 2358 2884 modus

144 2915 458 2976 proponendi
498 2915 808 2968 doctrinam,
858 2915 1007 2961 etiam
1058 2914 1174 2960 dum
1212 2913 1451 2960 Pontifex
1497 2913 1728 2973 fungitur
1774 2927 1982 2958 munere
2020 2915 2239 2973 supremi
2275 2929 2359 2974 pa-

146 2992 297 3039 storis
335 2994 384 3038 et
421 2991 668 3050 doctoris,
708 2991 794 3037 sed
831 2990 1107 3051 requiritur
1143 2990 1358 3036 intentio
1395 2990 1720 3036 manifestata
1757 2988 2023 3035 definiendi
2061 2988 2358 3050 doctrinam,

146 3082 235 3114 seu
256 3068 575 3127 fluctuationi
598 3067 748 3127 finem
784 3067 1059 3127 imponendi
1093 3066 1226 3112 circa
1264 3067 1540 3113 doctrinam
1570 3065 1822 3126 quandam
1860 3079 1949 3111 seu
1983 3081 2086 3111 rem
2125 3065 2360 3113 definien-

148 3143 276 3202 dam,
315 3143 478 3190 dando
517 3143 810 3203 definitivam
847 3144 1123 3188 sententiam
1160 3147 1210 3189 et
1248 3142 1526 3188 doctrinam
1564 3142 1698 3188 illam
1725 3140 2053 3201 proponendo
2090 3142 2357 3188 tenendam

146 3220 208 3267 ab
245 3218 473 3266 Ecclesia
507 3215 824 3265 universali.“
897 3217 1115 3276 (Relatio
1153 3218 1213 3264 de
1251 3217 1685 3265 emendationibus
1722 3221 1815 3263 etc.
1886 3215 1938 3263 C.
1976 3215 2036 3264 V.
2074 3218 2221 3263 4140.
2283 3216 2359 3264 Cf.

145 3294 264 3341 ibid.
291 3296 383 3341 399
398 3295 443 3342 b.
472 3294 517 3342 d.
554 3293 723 3352 401a.)
752 3321 810 3326 —-
835 3293 1015 3340 Posset
1052 3294 1321 3354 aliquando
1349 3293 1580 3340 Summus
1606 3293 1845 3340 Pontifex
1880 3291 2023 3351 velle,
2062 3308 2124 3338 ex
2161 3293 2357 3341 duabus

147 3370 391 3417 doctrinis
421 3370 827 3418 contradictoriis
864 3370 1075 3416 alteram
1111 3370 1345 3431 relinqui,
1385 3369 1594 3416 alteram
1628 3370 1865 3417 tutiorem
1891 3368 2040 3427 tradi,
2077 3368 2148 3414 ita
2173 3372 2359 3428 tamen,

147 3449 205 3493 ut
239 3461 340 3492 non
392 3447 647 3494 decideret
699 3446 951 3493 sententia
998 3446 1173 3492 ultimo
1213 3445 1495 3503 definitiva,
1548 3448 1664 3491 utra
1712 3460 1834 3491 vera
1882 3447 2014 3492 esset
2064 3447 2219 3504 atque
2257 3459 2357 3491 ser-

148 3521 327 3568 vanda.
399 3521 544 3577 Quod
581 3522 621 3568 si
658 3523 885 3581 accidat,
937 3537 1037 3568 non
1085 3525 1252 3567 exstat
1297 3521 1576 3568 infallibilis
1628 3521 1866 3569 definitio.
1935 3520 2357 3566 Animadversum

149 3600 241 3656 est,
280 3600 513 3644 constare
549 3612 650 3644 non
686 3613 859 3659 posse,
917 3598 1138 3658 „quando
1175 3597 1432 3643 Romanus
1467 3596 1706 3642 Pontifex
1744 3596 1962 3658 supremi
1999 3596 2218 3642 doctoris
2253 3611 2359 3641 mu-

147 3688 269 3720 nere
302 3674 519 3735 fungens
555 3690 643 3735 pro
681 3674 986 3721 auctoritate
1024 3670 1276 3719 definiat“.
1347 3672 1442 3719 Sed
1483 3673 1761 3732 „humanae
1800 3673 2004 3733 linguae
2039 3685 2138 3717 non
2176 3670 2360 3718 desunt

148 3750 434 3797 necessaria
486 3754 535 3798 et
586 3754 707 3812 apta
755 3751 897 3812 signa
947 3750 1011 3796 ad
1059 3748 1434 3810 exprimendam
1483 3749 1702 3809 supremi
1752 3748 1973 3795 doctoris
2011 3750 2061 3794 et
2095 3747 2360 3806 apostolici

150 3826 371 3872 muneris
406 3827 735 3872 functionem.
764 3863 773 3873 .
801 3862 811 3873 .
860 3825 1099 3872 Ceterum
1126 3825 1164 3871 si
1203 3824 1401 3886 quando
1430 3824 1766 3883 dubitaretur,
1803 3828 1972 3870 utrum
2001 3822 2357 3869 documentum

151 3899 357 3961 aliquod
381 3901 693 3962 pontificium
722 3902 785 3947 sit
811 3916 989 3962 reapse
1007 3916 1035 3947 a
1053 3900 1547 3960 Pontifieefunyenle
1564 3900 1818 3960 apostolico
1835 3913 1919 3946 suo
1936 3913 2127 3944 munere
2152 3898 2361 3960 editum,
