2548 4290
359 231 596 272 Discussio
629 241 748 283 spec.
780 230 826 268 in
860 227 1021 281 Congr.
1054 240 1150 281 gen.
1209 226 1316 280 Cap.
1351 228 1430 267 ΠΙ.
1463 227 1542 268 IV.
1595 227 1768 267 Monita
1800 226 1986 266 adiecta.
2218 224 2284 273 25

63 381 202 428 sunt.
289 374 684 442 Intelliguntur
737 372 911 441 primo
967 371 1086 422 loco
1143 369 1301 435 illae,
1362 386 1499 438 quae
1557 369 1829 421 erroribus
1887 367 2286 421 Constitutione

64 457 331 510 damnatis
370 456 561 508 affines
600 460 724 506 sunt
750 455 782 505 ¹.

208 540 386 601 Quum
427 540 641 592 schema
680 537 1037 590 reformatum
1075 555 1184 589 non
1223 537 1328 588 iam
1371 537 1426 587 in
1468 536 1600 587 duas
1633 541 1831 605 partes,
1874 553 2102 604 quarum
2141 539 2287 586 utra·

64 643 168 695 que
218 642 360 678 nova
410 624 591 675 futura
642 627 785 674 esset
825 621 1179 689 Constitutio,
1232 620 1464 672 divisum
1506 626 1673 686 esset,
1728 620 1935 671 monita
1973 619 2154 671 locum
2195 618 2286 670 ob-

63 710 340 761 tinuerant
377 708 432 758 in
472 706 579 758 fine
618 707 768 757 totius
806 705 1097 757 schematis
1113 702 1149 757 ².
1215 703 1393 763 Quum
1436 710 1616 755 autem
1660 704 1805 771 prior
1845 720 1970 772 pars
2012 709 2286 770 tamquam

63 791 311 861 specialis
351 789 676 842 Constitutio
717 788 973 840 Patribus
1015 788 1089 853 (d.
1136 789 1217 838 14.
1260 787 1464 851 Martii)
1516 791 1939 855 proponeretur,
1992 802 2023 836 a
2064 784 2288 854 deputa-

65 876 208 927 tione
259 874 381 925 huic
421 873 809 926 Constitutioni
862 871 1074 923 adiecta
1124 877 1279 923 erant
1298 869 1334 922 3.
1414 870 1606 939 Neque
1658 876 1841 922 tamen
1882 869 2074 920 Patres
2118 868 2286 935 depu-

62 957 160 1009 tati
198 956 359 1025 plane
398 956 505 1007 iam
547 955 919 1024 quaestionem
956 954 1253 1006 absolvisse
1294 953 1565 1018 videntur,
1606 958 1787 1004 utrum
1814 953 1916 1004 1100
1955 952 2093 1015 1000,
2135 969 2203 1002 an
2232 951 2286 1000 in

59 1038 166 1091 fine
205 1039 425 1091 alt-erius
466 1038 895 1103 Constitutionis,
937 1055 1006 1088 an
1046 1044 1278 1106 utroque
1319 1037 1436 1089 loco
1478 1054 1542 1088 ea
1581 1041 1866 1106 ponerent.
1922 1034 2101 1095 Quum
2142 1034 2286 1085 enim

62 1121 112 1173 d.
142 1123 226 1174 20.
255 1122 437 1173 Martii
477 1122 544 1174 de
584 1122 743 1173 altera
783 1122 890 1172 iam
932 1120 1334 1172 Constitutione
1375 1127 1619 1189 agerent,
1661 1126 1720 1171 ut
1760 1119 1965 1171 monita
2005 1135 2123 1170 eam
2164 1134 2286 1168 0011-

60 1205 336 1257 cludentia
374 1206 760 1271 retinerentur,
804 1204 1175 1257 decernebant
1194 1204 1231 1255 4.

204 1288 356 1341 Inter
397 1289 826 1354 emendationeS,
867 1305 1005 1356 quae
1047 1289 1102 1339 in
1143 1288 1365 1357 speciali
1408 1287 1741 1339 discussione
1783 1287 1973 1356 capitis
2016 1285 2193 1355 quarti
2235 1291 2288 1336 et

61 1371 181 1424 finis
231 1374 395 1425 totius
436 1373 848 1425 Constitutionis
905 1390 934 1423 a
974 1371 1231 1423 Patribus
1272 1377 1426 1423 erant
1478 1371 1786 1440 propositae
1835 1370 1910 1435 (d.
1958 1372 2000 1420 1.
2042 1368 2287 1437 Aprilis),

60 1459 170 1508 tres
197 1455 421 1507 ultimae
448 1456 768 1525 spectabant
796 1455 901 1507 duo
932 1456 1137 1507 monita
1153 1456 1189 1506 5.
1241 1455 1357 1506 Iam
1387 1455 1579 1506 Patres
1609 1454 1871 1524 deputati,
1914 1471 2079 1522 quum
2108 1469 2288 1503 emen-

63 1538 307 1591 dationes
347 1540 651 1608 propositas
692 1539 1070 1590 examinarent
1113 1539 1186 1604 (d.
1229 1541 1276 1589 6.
1307 1539 1557 1606 Aprilis),
1600 1539 1803 1589 monita
1841 1538 1910 1589 ad
1950 1538 2114 1588 finem
2154 1535 2286 1586 alte-

62 1622 173 1673 rius
226 1622 637 1674 Constitutionis
687 1622 985 1674 transferre
1036 1622 1399 1687 statueruntfi,
1459 1622 1513 1672 id
1566 1621 1709 1691 quod
1759 1620 2059 1691 Episcopus
2110 1619 2288 1670 Picta-

64 1706 279 1772 viensiS,
308 1723 473 1774 quum
497 1706 563 1757 de
588 1706 1060 1758 emendationibus
1083 1706 1136 1756 111
1162 1704 1601 1774 Congregatione
1625 1706 1869 1774 generali
1894 1704 1968 1770 (d.
1988 1708 2037 1756 S.
2058 1703 2285 1773 Aprilis)

62 1788 382 1841 relationem
421 1789 677 1856 haberet,
729 1807 851 1841 cum
890 1790 1144 1841 Patribus
1197 1790 1616 1840 communicavit
1637 1789 1671 1852 ⁷,
1725 1790 1815 1858 qui
1857 1787 2177 1856 interrogati
2220 1785 2286 1837 de

64 1872 235 1923 tribus
274 1873 379 1923 illis
420 1874 888 1926 emendationibus
927 1880 1041 1925 tum
1083 1872 1343 1941 suffragia
1384 1873 1525 1925 ferre
1556 1874 1969 1937 constituerunt,
2013 1889 2177 1941 quum
2220 1870 2286 1921 de

64 1957 313 2024 sequenti
355 1955 752 2009 Constitutione
794 1959 966 2009 acturi
1008 1963 1186 2009 essent
1206 1955 1241 2007 8.

211 2039 319 2091 Sed
353 2041 634 2091 consilium
674 2046 939 2092 mutatum
969 2048 1065 2092 est.
1124 2041 1303 2101 Quum
1343 2040 1561 2091 schema
1602 2040 2030 2102 ConstitutioniS,
2075 2037 2140 2090 de
2182 2055 2287 2107 quo

64 2122 257 2174 Patres
297 2122 691 2189 deliberabant,
733 2123 924 2176 fraude
966 2124 1247 2176 obtentum
1291 2123 1358 2175 ab
1402 2124 1753 2193 ephemeride
1782 2126 2105 2191 Augustana
2139 2121 2288 2187 „All-

64 2206 312 2275 gemeine
336 2207 599 2276 Zeitung“
626 2209 907 2276 vulgatum
932 2213 1089 2273 esset,
1121 2209 1401 2277 deputatio
1427 2207 1491 2259 de
1515 2208 1619 2259 fide
1643 2209 1696 2258 in
1716 2208 1952 2259 sessione
1978 2207 2026 2259 d.
2052 2208 2099 2257 9.
2125 2205 2287 2274 Apri-

64 2289 129 2341 lis
168 2290 496 2342 unanimiter
537 2290 794 2356 decrevit,
836 2298 896 2343 ut
935 2292 989 2342 in
1016 2291 1457 2360 Congregatione
1497 2291 1743 2359 generali
1781 2291 2031 2360 proxima
2072 2289 2287 2340 conclu-

65 2373 271 2425 sionem
310 2374 566 2426 Patribus
605 2375 801 2426 iterum
854 2384 1183 2444 proponeret
1235 2377 1407 2444 iisque
1448 2375 1732 2440 suaderet,
1783 2381 1841 2425 ut
1883 2374 2286 2426 conclusionem

64 2455 121 2506 in
160 2458 388 2524 primam
428 2458 535 2509 iam
575 2457 1031 2511 Constitutionem
1074 2461 1407 2529 reciperent,
1463 2477 1627 2528 quum
1669 2460 1881 2511 omissio
1928 2457 2288 2510 conclusionis

67 2537 225 2591 facile
276 2544 551 2609 tamquam
592 2542 813 2594 reiectio
854 2542 1160 2606 doctrinae,
1214 2560 1375 2611 quam
1417 2543 1682 2602 continet,
1736 2542 1999 2611 explicari
2052 2548 2232 2610 posset
2253 2542 2289 2593 9.

66 2620 274 2674 Eodem
325 2622 411 2674 die
451 2623 702 2676 Patribus
756 2626 959 2676 monito
986 2623 1027 2656 ¹⁰
1077 2643 1107 2676 a
1149 2625 1378 2677 Concilii
1420 2625 1724 2677 Secretario
1779 2626 1938 2676 misso
1989 2625 2286 2676 indicatum

67 2718 164 2770 est,
193 2705 248 2756 in
271 2706 518 2773 proxima
538 2706 977 2776 Congregatione
996 2708 1069 2773 (d.
1100 2712 1179 2761 12.
1198 2709 1424 2778 Aprilis)
1454 2709 1853 2761 conclusionem
1884 2727 2072 2760 eorum
2100 2708 2288 2760 suffra-

66 2788 170 2857 giis
208 2788 510 2840 subiectum
551 2790 632 2841 iri.

210 2879 402 2949 Itaque
440 2880 495 2931 in
536 2879 973 2949 Congregatione
1014 2882 1256 2950 generali
1299 2882 1713 2952 quadragesima
1754 2883 1942 2951 quinta
1983 2883 2286 2952 Episcopus

65 2960 422 3015 Pictaviensis
477 2963 543 3014 de
596 2964 942 3016 conclusione
994 2971 1155 3034 atque
1207 2966 1678 3017 emendationibus
1728 2966 1782 3016 in
1838 2984 1957 3018 eam
1998 2967 2287 3036 propositis

64 3045 281 3098 nomine
319 3046 683 3116 deputationis
712 3047 1030 3099 relationem
1060 3049 1266 3102 habuit.
1325 3049 1666 3115 „Pluribus“,
1710 3050 1899 3119 inquit,
1947 3050 2077 3115 „hac
2120 3050 2186 3102 de
2227 3070 2284 3102 re

65 3127 274 3180 libratis
315 3130 568 3196 consiliiS,
610 3132 776 3182 satius
816 3132 991 3182 visum
1032 3138 1127 3199 est,
1168 3133 1342 3202 ipsam
1369 3134 1772 3185 conclusionem
1801 3135 1980 3185 statim
2021 3134 2285 3203 adaptari,

11 3237 14 3239 ·
65 3228 202 3280 quae
241 3230 435 3265 novem
477 3215 673 3266 nostris
714 3215 982 3285 capitibus
1023 3218 1403 3284 postponenda
1444 3217 1849 3283 destinabatur,
1892 3225 2168 3270 reservata
2210 3219 2285 3270 fa-

68 3294 267 3348 cultate
307 3296 447 3348 hanc
500 3297 731 3351 eandem
784 3299 1184 3352 conclusionem
1238 3301 1472 3352 iterandi
1511 3302 1623 3353 sive
1675 3302 2036 3354 transferendi
2077 3303 2132 3353 in
2173 3303 2285 3354 edi-

211 3498 226 3524 1
265 3497 340 3546 Cf.
375 3500 510 3548 infra
545 3501 595 3547 in
633 3518 738 3560 cap.
777 3502 875 3548 III.
911 3506 1059 3549 notas
1097 3502 1409 3550 conclusioni
1447 3504 1688 3551 adiectas,

212 3574 229 3600 ²
265 3574 504 3623 Eiusdem
541 3578 810 3625 schematis
847 3593 963 3639 pars
1001 3578 1162 3625 altera
1199 3578 1253 3626 C.
1290 3579 1351 3625 V.
1394 3581 1576 3627 16381).

215 3649 231 3676 ³
268 3650 480 3698 Schema
516 3652 908 3701 Constitutionis
945 3657 1040 3701 etc.
1099 3653 1153 3701 C.
1190 3655 1251 3701 V.
1291 3657 1349 3700 77
1366 3655 1411 3702 d.
1482 3656 1679 3702 Relatio
1718 3659 1812 3703 etc.
1874 3656 1927 3703 C.
1965 3656 2024 3703 V.
2067 3659 2218 3706 131b.

211 3724 231 3752 4
266 3726 344 3772 Ex
390 3727 517 3773 actis
554 3731 649 3775 etc.
718 3728 773 3775 C.
809 3729 871 3774 V.
915 3732 1034 3776 1669
1052 3745 1096 3777 a.
1275 3729 1290 3756 ⁵
1328 3731 1721 3778 Emendationcs
1772 3736 1864 3779 etc.
1936 3731 1989 3780 C.
2028 3733 2086 3779 V.
2133 3735 2220 3780 199
2239 3735 2284 3782 d.

212 3798 229 3827 ⁶
266 3800 344 3846 Ex
380 3802 504 3848 actis
542 3806 635 3849 etc.
683 3802 737 3850 C.
774 3803 835 3851 V.
877 3805 998 3851 1675
1015 3821 1058 3852 a.
1238 3806 1252 3830 ⁷
1291 3806 1488 3853 Relatio
1528 3812 1620 3853 etc.
1693 3807 1748 3853 C.
1785 3807 1845 3854 V.
1884 3810 1975 3854 208
1992 3824 2032 3856 c.

212 3873 228 3901 ⁸
266 3875 395 3923 Ibid.
465 3876 519 3924 C.
556 3877 616 3924 V.
654 3878 809 3926 2091).
988 3878 1005 3906 9
1043 3880 1121 3926 Ex
1157 3881 1284 3927 actis
1323 3886 1417 3929 etc.
1487 3881 1542 3929 C.
1579 3882 1639 3928 V.
1682 3883 1865 3929 16751).
1896 3899 1935 3929 0.

192 3949 230 3977 ¹⁰
267 3950 320 3998 C.
357 3952 419 3999 V.
456 3954 611 4000 2091).
638 3969 679 4000 0.
