2548 4290
293 139 539 182 Comment.
572 140 655 180 IX.
713 139 904 181 Concilii
937 140 1132 182 definitio
1170 141 1224 182 de
1256 143 1432 183 obiecto
1465 142 1802 186 infallibilitatis
1834 145 2103 199 pontificiae.
2213 147 2312 198 201

251 281 358 333 Illa
396 282 562 351 igitur
600 281 836 333 formula
874 282 1009 333 nihil
1048 285 1174 336 novi
1215 285 1281 337 de
1333 285 1545 337 obiecto
1599 285 1999 339 infallibilitatis
2039 287 2316 354 definitur3

108 364 285 434 agitur
324 363 391 416 de
431 364 545 416 solo
587 364 702 416 eius
741 364 1000 417 subiecto.
1056 365 1207 426 Quae
1250 366 1323 418 de⁵
1357 367 1568 419 obiecto
1608 367 2009 422 infallibilitatis
2039 370 2317 422 Ecclesiae

106 447 313 501 aliunde
363 448 580 516 cognita
618 452 769 512 sunt,
822 447 890 499 ad
939 448 1382 503 infallibilitatem
1424 451 1631 504 Summi
1670 451 1948 504 Pontificis
1987 453 2319 505 transferun-

0 515 61 592 {Ti
106 537 207 584 tur.
283 530 559 596 Formula,
596 530 726 582 licet
765 531 1132 600 compluribus
1173 534 1454 602 placuerit,
1496 542 1616 602 post
1657 534 1964 587 diuturnam
2005 537 2070 587 de
2112 554 2176 589 ea
2216 537 2318 588 dis-

107 615 408 669 cussionem
447 613 734 683 repudiata
774 619 854 666 est
875 613 911 666 1.

251 697 492 749 Tertiam
519 695 841 748 formulam²
871 696 1172 749 Cardinalis
1201 698 1343 751 Bilio
1371 700 1425 751 in
1467 701 1914 769 quinquagesima
1955 703 2189 754 sessione
2232 704 2317 754 die

107 783 193 834 24.
233 781 378 832 Iunii
429 780 768 846 deputationi
806 781 1057 847 tradidit,
1111 782 1167 832 in
1217 799 1322 851 qua
1372 783 1521 834 nulla
1571 789 1651 835 est
1689 785 1991 836 accuratior
2032 785 2317 855 descriptio

108 864 305 917 obiecti
343 863 765 915 infallibilitatis.
842 864 925 917 De
966 882 1031 916 ea
1069 870 1249 917 tamen
1292 865 1610 918 deliberatio
1651 867 1834 919 habita
1873 886 1981 920 non
2019 873 2098 920 est
2120 867 2156 920 3.

0 1006 34 1025 ιι
250 946 367 999 Iam
421 952 612 1015 antea,
667 947 723 998 in
764 946 1203 1015 Congregatione
1255 950 1499 1016 generali
1556 950 1954 1019 septuagesima
2007 951 2179 1003 altera
2233 951 2319 1003 die

27 1021 43 1048 ²
111 1032 191 1083 15.
233 1030 393 1091 Iunii,
436 1030 695 1082 discussio
735 1031 985 1099 specialis
1027 1031 1092 1083 de
1134 1042 1324 1100 quarto
1367 1033 1544 1101 capite
1573 1033 1982 1086 Constitutionis
2023 1035 2319 1103 inceperat.

106 1113 212 1166 Die
246 1116 326 1167 18.
355 1113 497 1165 Iunii
527 1112 830 1165 Cardinalis
860 1113 1070 1179 Cullen,
1114 1115 1370 1184 Archiep.
1410 1116 1779 1182 DublinensiS,
1821 1117 1934 1168 eius
1975 1119 2320 1187 paragraphi,

108 1215 213 1267 qua
252 1197 491 1249 definitio
533 1198 858 1263 continetur,
899 1198 1372 1250 emendationem‘*
1412 1206 1782 1268 proposuerat,
1824 1218 1983 1269 quam
2021 1201 2322 1253 Cardinalis

106 1280 247 1333 Bilio
288 1282 535 1350 sequenti
576 1281 662 1333 die
714 1281 767 1331 in
807 1282 1044 1334 sessione
1085 1281 1500 1350 quadragesima
1551 1290 1740 1334 octava
1793 1281 2130 1352 deputationi
2179 1301 2320 1336 com-

105 1365 456 1417 mendaverat
477 1366 514 1418 5.
591 1365 655 1416 In
695 1366 930 1417 sessione
972 1366 1416 1434 quinquagesima
1456 1367 1629 1435 prima
1668 1366 1735 1417 ad
1781 1384 1898 1418 eam
1937 1367 2098 1419 rediit
2139 1375 2192 1419 et
2232 1368 2322 1419 de-

105 1453 321 1518 putatos
348 1449 577 1516 rogavit,
618 1448 949 1517 placeretne,
991 1466 1109 1500 eam
1140 1448 1426 1500 formulam
1456 1449 1881 1517 Congregationi
1907 1451 2151 1518 generali
2180 1469 2321 1502 com-

107 1531 367 1583 mendari.
443 1531 730 1600 Deputatis
788 1532 1074 1583 videbatur
1128 1531 1555 1599 exspectandum
1613 1549 1760 1596 esse,
1818 1532 1988 1584 donec
2043 1533 2321 1602 proposita

105 1613 330 1666 Patrum
369 1616 566 1683 scripto
607 1614 808 1666 tradita
848 1620 1027 1666 essent
1046 1613 1082 1665 ὃ.
1158 1614 1339 1666 Etiam
1391 1614 1457 1665 ab
1499 1615 1617 1665 aliis
1658 1615 1914 1666 Patribus
1967 1621 2020 1667 et
2058 1617 2111 1666 in
2155 1616 2323 1685 depu-

105 1698 325 1750 tationis
365 1698 692 1750 sessionibus
734 1703 788 1749 et
826 1699 881 1750 in
931 1698 1155 1767 privatis
1196 1697 1553 1749 conventibus
1604 1716 1776 1750 novae
1821 1699 2086 1750 formulae
2130 1717 2323 1767 propo-

105 1782 372 1834 nebantur
412 1783 500 1834 vel
538 1782 1071 1845 commendabantur,
1110 1782 1165 1832 in
1194 1781 1386 1850 quibus
1421 1780 1555 1831 illud
1587 1787 1877 1851 „tanquam
1907 1782 1971 1834 de
2001 1782 2105 1834 fide
2134 1788 2323 1834 tenen-

14 1935 17 1938 ,
107 1864 266 1916 dum“
323 1867 587 1917 omittitur
614 1865 647 1918 ⁷.
726 1865 851 1934 Ipse
903 1866 1204 1934 Episcopus
1252 1864 1718 1916 Paderbornensis
1773 1866 1827 1916 in
1884 1866 2321 1934 Congregatione

13 1951 19 1982 ἵ
106 1950 349 2018 generali
384 1950 490 2001 iam
530 1967 726 2001 novam
768 1949 1054 2002 formulam
1096 1950 1376 2017 proponit,
1432 1949 1518 1999 cui
1558 1948 1692 2000 haec
1733 1949 1931 2014 verba,
1985 1967 2121 2018 quae
2162 1954 2323 2001 antea

12 2000 22 2075 v2
107 2031 408 2098 addiderat,
450 2033 645 2084 desunt
663 2032 699 2085 8.

259 2209 270 2234 ¹
310 2209 385 2254 Ex
435 2208 560 2255 actis
607 2212 700 2254 etc.
774 2207 827 2254 C.
864 2207 925 2253 V.
969 2208 1139 2254 16861)
1178 2223 1285 2268 sqq.
1326 2237 1385 2242 —
1424 2208 1500 2253 Ex
1547 2208 1738 2254 diurnis
1783 2212 1878 2254 etc.
1950 2207 2004 2255 C.
2041 2208 2100 2255 V.
2142 2209 2260 2254 1701
2279 2224 2322 2256 a.

257 2283 273 2310 ²
314 2285 473 2343 „Hinc
509 2298 652 2331 sacro
680 2284 994 2344 approbante
1020 2282 1246 2329 Concilio
1286 2284 1522 2330 docemus
1561 2288 1609 2330 et
1645 2284 1759 2330 fidei
1797 2284 1979 2344 dogma
2015 2299 2123 2330 esse
2162 2284 2326 2330 decla-

17 2399 19 2401 -
109 2377 295 2421 ramus,
332 2362 614 2408 Romanum
650 2359 961 2420 Pontificem,
1001 2360 1200 2420 quando
1239 2376 1301 2406 ex
1335 2359 1589 2407 Cathedra
1624 2361 1867 2422 loquitur,
1904 2360 1953 2407 id
1991 2364 2084 2418 est,
2122 2360 2323 2422 quando

111 2438 331 2500 supremi
367 2437 584 2497 pastoris
633 2440 681 2483 et
730 2437 950 2483 doctoris
987 2452 1195 2483 munere
1233 2436 1450 2497 fungens
1497 2452 1578 2483 res
1625 2436 1739 2483 fidei
1778 2441 1828 2483 et
1863 2451 2057 2482 morum
2095 2437 2158 2482 ad
2195 2436 2327 2482 aedi-

108 2513 394 2561 ficationem
431 2513 690 2559 doctrinae
727 2512 1033 2559 christianae
1070 2512 1431 2573 pertinentium
1471 2512 1667 2570 definit,
1706 2528 1795 2572 per
1831 2512 2167 2558 assistentiam
2207 2512 2327 2558 divi-

110 2605 227 2636 nam
262 2589 415 2636 Petro
453 2587 748 2648 promissam
787 2603 948 2648 aeque
987 2603 1095 2634 esse
1132 2587 1474 2647 infallibilem,
1519 2603 1578 2634 ac
1615 2588 1655 2633 si
1693 2587 1891 2633 easdem
1929 2603 2030 2634 una
2065 2603 2175 2633 cum
2213 2587 2328 2647 Epi-

112 2665 276 2726 scopis
326 2665 375 2710 in
412 2663 637 2724 generali
675 2663 899 2711 Concilio
949 2664 1267 2724 congregatis
1316 2663 1577 2722 definiret,
1627 2666 1780 2723 atque
1817 2663 2104 2709 huiusmodi
2140 2663 2326 2709 iudicia

110 2740 323 2787 Romani
341 2738 596 2786 Pontificis
617 2754 725 2785 esse
744 2755 807 2786 ex
833 2754 942 2785 sese
960 2735 1394 2786 irreformabilia.“
1435 2738 1704 2784 Formulae
1729 2742 1832 2784 tres
1853 2742 1947 2785 etc.
1984 2737 2037 2784 C.
2056 2738 2116 2785 V.
2142 2739 2263 2784 1644
2280 2739 2325 2786 d.

261 2814 276 2841 3
313 2816 391 2861 Ex
429 2815 553 2861 actis
591 2819 684 2862 etc.
755 2814 809 2862 C.
846 2814 907 2861 V.
948 2816 1072 2860 1690
1089 2815 1133 2860 d.
1173 2843 1232 2848 ——
1269 2814 1347 2859 Ex
1385 2814 1577 2860 diurnis
1614 2816 1708 2859 etc.
1768 2812 1821 2860 C.
1855 2813 1917 2859 V.
1957 2815 2140 2860 17011).

256 2891 277 2918 4
317 2927 356 2950 „.
385 2929 395 2938 .
423 2928 431 2938 .
468 2907 610 2938 sacro
636 2892 950 2953 approbante
976 2890 1201 2937 Concilio
1230 2891 1468 2937 docemus
1496 2894 1544 2936 et
1571 2890 1810 2936 divinitus
1836 2889 2116 2936 revelatum
2144 2890 2326 2950 dogma

114 2984 223 3016 esse
261 2968 547 3015 definimus:
586 2968 864 3014 Romanum
892 2967 1204 3026 Pontificem,
1240 3003 1249 3013 .
1289 3005 1298 3015 .
1337 3005 1346 3013 .
1387 2982 1538 3027 quum
1579 2965 1861 3012 doctrinam
1894 2966 1953 3012 de
1977 2965 2074 3011 fide
2112 2966 2190 3011 vel
2226 2980 2329 3012 mo-

113 3045 253 3093 ribus
290 3060 382 3091 sua
417 3045 466 3091 in
504 3045 789 3090 universam
826 3044 1104 3090 Ecclesiam
1142 3044 1449 3090 auctoritate
1488 3042 1684 3100 definit,
1722 3056 1810 3102 per
1847 3041 2187 3087 assistentiam
2224 3041 2330 3102 Spi-

115 3122 243 3168 ritus
290 3121 461 3168 Sancti
512 3136 570 3167 ea
616 3120 979 3167 infallibilitate
1029 3120 1246 3180 pollere,
1301 3134 1398 3179 qua
1450 3119 1646 3164 divinus
1692 3117 2002 3178 Redemptor
2050 3117 2326 3173 Ecclesiam

117 3212 258 3244 suam
305 3198 605 3243 instructam
657 3210 765 3242 esse
811 3195 998 3256 voluit,
1046 3195 1261 3256 ideoque
1304 3195 1427 3240 haec
1465 3194 1679 3239 Romani
1715 3192 1971 3239 Pontificis
2025 3192 2229 3239 decreta
2266 3207 2329 3238 ex

116 3287 225 3319 sese
259 3272 652 3319 irreformabilis.
688 3268 842 3319 esse.“
896 3271 1166 3317 Formulae
1203 3275 1306 3317 tres
1344 3275 1437 3317 etc.
1487 3269 1541 3316 C.
1579 3269 1638 3315 V.
1680 3269 1801 3315 1645
1818 3284 1857 3315 c.
1885 3269 1930 3315 d.
1980 3267 2055 3315 Cf.
2081 3268 2328 3315 Emenda-

13 3343 29 3398 ’ζ
116 3348 279 3396 tiones
317 3353 410 3395 etc.
481 3347 534 3394 C.
571 3348 633 3395 V.
672 3349 763 3393 382
781 3347 826 3394 d.
896 3347 987 3393 Est
1025 3347 1309 3393 emendatio
1347 3346 1663 3405 sexagesima
1701 3348 1894 3391 octava.

263 3422 279 3450 ⁵
315 3424 394 3470 Ex
429 3423 555 3470 actis
594 3427 688 3470 etc.
760 3422 814 3470 C.
852 3423 912 3469 V.
953 3424 1071 3468 1689
1090 3423 1136 3469 d.
1173 3449 1234 3456 -
1271 3422 1348 3467 Ex
1386 3421 1579 3467 diurnis
1616 3423 1710 3467 etc.
1781 3419 1836 3466 C.
1871 3419 1932 3466 V.
1973 3421 2090 3464 1701
2111 3421 2156 3467 b.

262 3498 279 3525 ⁶
314 3500 391 3544 Ex
429 3499 553 3545 actis
592 3504 686 3545 etc.
758 3498 811 3544 C.
849 3498 909 3545 V.
950 3500 1131 3544 lssela.
1171 3526 1230 3531 —-
1266 3498 1344 3543 Ex
1382 3497 1574 3544 diurnis
1612 3500 1706 3542 etc.
1778 3494 1832 3542 O.
1870 3495 1927 3541 V.
1970 3494 2153 3541 17011).
2179 3510 2218 3541 c.

263 3574 277 3599 '¹
315 3575 393 3620 Ex
428 3576 553 3621 actis
591 3578 685 3621 etc.
753 3574 807 3620 C.
844 3574 904 3620 V.
946 3575 1125 3620 1692a.
1164 3598 1225 3604 -—-
1259 3573 1337 3619 Ex
1375 3572 1566 3618 diurnis
1603 3575 1697 3617 etc.
1767 3570 1820 3617 C.
1857 3570 1919 3617 V.
1959 3572 2078 3616 1701
2095 3585 2136 3617 c.

264 3649 280 3676 8
316 3651 395 3696 Ex
445 3650 635 3696 diurnis
687 3649 1059 3696 commentariis
1113 3652 1207 3695 etc.
1278 3647 1330 3695 C.
1380 3648 1440 3694 V.
1496 3649 1674 3693 17010.
1756 3646 1997 3692 Formula
2049 3649 2125 3691 est
2174 3645 2329 3692 haec:

122 3763 162 3787 „.
201 3763 212 3774 .
249 3763 258 3774 .
297 3742 438 3773 sacro
475 3726 786 3787 approbante
824 3725 1050 3773 Concilio
1100 3725 1335 3771 docemus
1373 3728 1423 3771 et
1460 3731 1703 3783 tanquam
1741 3722 1922 3782 dogma
1957 3720 2073 3767 fidei
2111 3721 2332 3767 declara-

119 3818 252 3849 mus:
299 3802 580 3848 Romanum
616 3800 910 3848 Pontificem
950 3836 959 3846 .
998 3838 1008 3848 .
1047 3838 1074 3860 .,
1125 3816 1276 3861 quum
1315 3815 1405 3860 pro
1445 3813 1679 3859 suprema
1717 3813 1808 3843 sua
1844 3796 2124 3858 apostolica
2160 3800 2334 3843 aucto-

117 3878 268 3924 ritate
304 3878 590 3924 universam
626 3876 902 3923 Ecclesiam
940 3877 1117 3935 docet,
1169 3877 1215 3921 ’ἴῃ
1270 3876 1551 3927 definiendis
1601 3873 1739 3919 rebus
1775 3873 1901 3932 fizlce'
1947 3879 1987 3919 et
2033 3887 2221 3919 morum
2269 3872 2331 3919 ad
