2548 4290
203 170 445 212 Comment.
479 169 602 209 VIII.
658 168 737 211 SS.
771 168 1003 208 Pontificis
1036 167 1351 221 infallibilitas,
1383 179 1489 207 num
1522 168 1784 221 personalis,
1818 172 2023 220 separata
2054 171 2135 207 etc.
2202 167 2299 217 187

92 318 213 366 vete
252 312 469 381 linguis.
545 311 667 364 Hoc
708 316 943 380 systema
985 316 1065 363 est
1104 311 1268 362 totius
1309 310 1710 362 infallibilitatis
1760 311 2067 380 pontificiae
2109 311 2306 361 eversi-

60 397 233 462 'vum,
275 396 318 446 si
357 413 604 447 assensus
642 394 806 446 totius
846 394 1124 445 Ecclesiae
1165 394 1549 462 requireretur.
1622 394 1763 445 Nam
1803 398 1930 444 tunc
1970 410 2158 461 reapse
2198 410 2308 444 una

90 479 203 532 sola
243 478 401 530 datur
437 476 812 542 infallibilitas,
855 494 991 545 quae
1032 476 1245 528 nonnisi
1283 476 1339 527 in
1379 481 1490 527 toto
1531 493 1754 545 corpore
1793 476 2071 529 Ecclesiae
2111 476 2307 528 docen-

92 564 157 615 tis
208 562 428 615 residet.
508 561 614 613 Sed
669 561 772 612 hoc
824 561 879 611 in
933 578 1058 612 casu
1110 560 1328 612 decreta
1378 559 1612 611 Romani
1653 560 1930 611 Pontificis
1981 564 2205 629 possunt
2256 564 2310 610 et

91 645 292 698 debent
343 644 628 696 reformari
679 661 777 713 per
819 643 1120 695 Concilium
1158 642 1447 711 generale,
1499 648 1764 711 quatenus
1802 643 2017 693 interim
2059 660 2308 694 assensus

88 729 367 782 Ecclesiae
408 745 517 779 non
557 728 632 778 ita
672 727 739 778 sit
778 726 1112 791 manifestUS,
1153 731 1213 777 ut
1252 727 1442 793 negari
1482 730 1743 794 nequeat,
1782 726 1935 794 Papa
1964 744 2069 777 non
2110 730 2188 777 est
2228 726 2307 775 in-

90 811 332 864 fallibilis
373 811 473 862 nisi
526 827 645 862 cum
688 809 932 861 Concilio
974 810 1236 878 generali.
1284 809 1384 860 'Et
1424 826 1491 860 ne
1531 810 1727 860 iterum
1768 810 1823 859 in
1862 808 2306 860 infallibilitatem

89 895 364 949 Pontificis
405 912 474 946 ex
513 911 568 946 se
609 894 722 946 solo
765 893 1106 945 decernentis
1145 893 1477 957 recidamUS,
1531 894 1679 961 Papa
1730 911 1838 944 non
1879 893 2078 963 poterit
2119 892 2309 944 confir-

90 995 236 1030 mare
276 978 378 1029 nisi
428 978 523 1029 illa
563 978 781 1029 decreta
824 977 1081 1041 Concilii,
1134 995 1271 1045 quae
1313 977 1637 1045 placuerunt
1677 977 1866 1028 maiori
1907 976 2047 1045 parti
2085 976 2307 1044 Episco-

89 1079 281 1132 porum
332 1062 420 1113 vel
469 1061 647 1130 potius
697 1060 1037 1111 unanimitati
1092 1078 1296 1112 eorum.
1386 1059 1528 1119 Quid
1579 1077 1741 1125 ver0,
1802 1060 1842 1110 si
1895 1059 2150 1128 Episcopi
2200 1076 2307 1109 non

39 1183 42 1195 2
88 1145 466 1197 consentiant?
531 1143 733 1196 Actum
775 1145 877 1195 erit
919 1144 983 1194 de
1034 1143 1230 1195 iudicio
1270 1143 1580 1208 Ecclesiae,
1634 1143 2028 1194 conclamatum
2086 1142 2187 1193 erit
2242 1140 2307 1191 de

87 1227 365 1294 Ecclesia,
417 1244 581 1295 quae,
632 1232 769 1279 teste
810 1227 1103 1295 ApostolO,
1156 1226 1318 1278 (lebet
1361 1244 1477 1278 esse
1530 1226 1779 1277 columna
1819 1231 1873 1277 et
1912 1226 2306 1277 firmamentum

91 1311 350 1363 veritatis.

240 1395 582 1462 „Antequam
624 1394 747 1444 huic
787 1393 1037 1445 relationi
1076 1394 1321 1461 generali
1361 1393 1684 1458 valedicam,
1738 1393 1909 1445 debeo
1950 1393 2307 1461 adhuc[dum]

90 1476 420 1545 respondere
461 1477 528 1528 ad
568 1476 717 1527 illam
757 1477 1131 1544 gravissimam
1173 1476 1551 1538 obiectionem,
1595 1494 1701 1544 qua
1729 1476 1927 1528 dictum
1969 1482 2049 1527 est
2090 1494 2159 1528 ex
2201 1495 2309 1529 am-

92 1560 250 1628 bone,
286 1577 382 1611 nos
410 1560 550 1611 velle
579 1560 889 1628 opinionem
921 1564 1221 1611 extremam
1251 1566 1430 1611 certae
1462 1559 1740 1610 cuiusdam
1769 1560 1986 1610 scholae
2017 1559 2084 1611 ad
2114 1561 2313 1629 dogma

90 1642 213 1695 fidei
255 1642 553 1694 catholicae
606 1643 856 1695 evehere.
937 1643 1077 1694 Sane
1118 1643 1436 1711 gravissima
1478 1642 1610 1694 haec
1651 1648 1730 1694 cst
1783 1642 2042 1707 obiecti03
2098 1650 2151 1695 et
2190 1662 2310 1695 cum

91 1745 209 1779 eam
251 1744 320 1779 ex
361 1744 452 1779 ore
501 1727 709 1795 egregii
761 1732 812 1777 et
852 1727 1011 1778 etiam
1065 1728 1482 1778 aestimatissimi
1537 1728 1763 1778 oratoris
1815 1728 2090 1792 audirem,
2146 1729 2312 1780 tristis

90 1817 253 1881 caput
293 1811 482 1863 demisi
523 1817 576 1862 et
617 1811 787 1862 oratio
844 1829 963 1863 mea
1003 1812 1058 1861 in
1099 1812 1217 1862 sinu
1259 1829 1378 1862 meo
1431 1811 1863 1863 convertebatur.
1940 1812 2093 1864 Bone
2133 1812 2309 1864 Deus!

90 1912 230 1947 anne
272 1894 564 1946 confudisti
607 1900 846 1959 menteS‚
902 1895 1115 1962 linguas
1156 1901 1394 1960 nostras,
1436 1900 1495 1945 ut
1534 1913 1630 1946 nos
1670 1895 2015 1947 traducamur
2055 1901 2313 1964 tanquam

89 1984 427 2048 promotores
479 1978 746 2047 opinionis
787 1983 1067 2029 extremae
1109 1978 1384 2029 cuiusdam
1426 1978 1642 2029 scholae
1699 1978 1765 2029 ad
1819 1978 2140 2046 dignitatem
2182 1979 2313 2048 dog-

90 2063 277 2129 matiS,
321 2069 374 2115 et
412 2063 778 2114 Bellarminus
817 2063 1104 2114 inducatur
1143 2067 1400 2131 tanquam
1442 2068 1628 2114 auctor
1669 2066 1891 2131 quartae
1932 2063 2315 2131 propositionis

94 2146 476 2198 declarationis
517 2146 646 2197 cleri
686 2146 984 2214 gallicani?
1043 2145 1211 2210 Nam,
1266 2152 1323 2197 ut
1363 2145 1428 2196 ab
1470 2145 1659 2196 ultimo
1703 2145 1973 2210 exordiar,
2016 2146 2188 2214 qualis
2231 2154 2311 2198 est

92 2229 400 2282 differentia
450 2230 590 2281 inter
642 2230 1020 2294 assertionem,
1074 2246 1232 2297 quam
1285 2231 1424 2279 rffius
1477 2234 1657 2280 orator
1707 2229 2041 2281 Bellarmino
2097 2230 2311 2281 tribuit:

93 2313 335 2382 Pontzfeoe
373 2331 471 2365 non
504 2318 661 2382 potest
712 2312 909 2382 aliquid
959 2312 1302 2380 re'nfccllibiliter
1352 2312 1568 2380 definire
1621 2314 1747 2363 citra
1787 2313 2003 2381 reliquos
2041 2312 2316 2381 Episcopos

88 2403 132 2450 et
168 2399 273 2449 sine
325 2398 663 2466 cooperatione
701 2396 974 2462 Ecclesiae,
1028 2403 1080 2448 et
1120 2397 1261 2448 inter
1313 2396 1650 2447 notissimum
1693 2396 1976 2447 articulum
2032 2404 2311 2464 quartum:

89 2482 147 2533 in
186 2481 307 2543 fidei
354 2481 727 2550 quaestionibus
767 2480 972 2532 Smnmi
1008 2480 1274 2541 Pontifices
1322 2498 1422 2531 non-
1473 2479 1853 2546 irreformabile
1899 2497 1996 2531 esse
2048 2481 2314 2547 iudicium,

91 2565 195 2617 nisi
227 2564 475 2616 Ecclesiae
511 2581 778 2615 consensus
815 2564 1051 2616 accedat?
1105 2564 1321 2633 Reapse
1364 2565 1454 2614 vix
1495 2564 1606 2615 ulla
1650 2564 1881 2614 inveniri
1922 2565 2120 2632 poterit
2160 2565 2312 2617 diffe-

92 2648 293 2712 rentia,
343 2647 445 2699 nisi
486 2648 602 2716 quis
644 2647 806 2699 etiam
857 2647 1244 2700 dissensionem
1285 2647 1681 2715 Episcoporum
1733 2648 2170 2715 cooperationem
2210 2649 2313 2700 Ec-

94 2731 289 2783 clesiae
330 2747 525 2782 vocare
567 2730 714 2796 velit,
760 2736 813 2781 ct
853 2730 1071 2799 quidem
1111 2732 1202 2793 ita,
1245 2736 1303 2781 ut
1343 2730 1585 2782 definitio
1628 2731 1960 2797 dogmatica,
2006 2731 2168 2783 etiam
2210 2732 2314 2784 dis-

92 2813 449 2866 sentientibus
477 2812 777 2883 EpiscopiS,
819 2814 884 2865 sit
912 2814 1231 2880 infallibilis,
1274 2814 1564 2865 dummodo
1600 2814 1721 2865 illos
1762 2819 1922 2865 antea
1963 2815 2311 2867 consuluerit.

95 2898 251 2950 Haec
294 2896 359 2948 de
400 2897 670 2948 sententia
709 2896 1045 2949 Bellarmini.

242 2980 465 3045 „Quoad
505 2998 633 3032 vero
676 2979 977 3032 doctrinam
1018 2981 1071 3031 in
1123 2981 1397 3033 schemate
1451 2981 1753 3049 expositam
1798 2980 2076 3050 deputatio
2116 2983 2313 3036 iniuste

93 3063 411 3129 traducitur,
454 3081 515 3115 ac
557 3065 600 3115 si
640 3064 899 3115 voluisset
941 3070 1242 3116 extremam
1285 3065 1623 3134 opinionem,
1675 3065 1873 3115 scilicet
1909 3065 2058 3116 illam
2099 3067 2314 3118 Alberti

93 3147 303 3215 Pighii,
345 3147 413 3198 ad
455 3147 775 3215 dignitatem
818 3147 1084 3215 dogmatis
1126 3148 1375 3200 evehere.
1451 3148 1591 3199 Nam
1642 3148 1822 3216 opinio
1864 3147 2077 3199 Alberti
2117 3150 2315 3218 Pighii,

95 3247 254 3299 quam
280 3230 644 3282 Bellarminus
685 3236 843 3282 vocat
882 3232 1026 3298 piam
1070 3230 1286 3299 quidem
1329 3237 1381 3281 et
1422 3230 1775 3298 probabilem,
1818 3236 1948 3296 erat,
1991 3232 2135 3299 quod
2163 3233 2316 3301 Papa

95 3330 201 3381 qua
238 3331 470 3381 persona
510 3314 798 3382 singularis
839 3330 934 3365 seu
964 3314 1150 3365 doctor
1178 3314 1420 3383 privatus
1449 3331 1517 3364 ex
1545 3314 1853 3381 ignorantia
1884 3315 2115 3382 quadam
2151 3317 2318 3384 possit

96 3414 292 3460 errare,
331 3396 427 3447 sed
466 3414 808 3465 nequaquam
836 3398 890 3448 in
928 3398 1195 3449 haeresim
1223 3397 1464 3448 incidere
1492 3398 1579 3449 vel
1608 3398 1876 3448 haeresim
1906 3398 2116 3449 docere.
2175 3399 2315 3466 Hoc,

94 3484 154 3530 ut
202 3480 411 3548 reliqua
451 3481 630 3531 omnia
681 3481 842 3531 missa
892 3480 1116 3546 faciam,
1176 3486 1401 3549 apparet
1455 3498 1523 3533 ex
1575 3481 1704 3549 ipsis
1759 3481 1938 3532 verbis
1978 3481 2315 3549 Bellarmini,

96 3568 207 3614 tum
248 3563 302 3614 in
344 3563 462 3614 loco
504 3581 535 3614 a
574 3566 685 3616 rfflo
725 3570 936 3616 oratore
976 3564 1156 3629 citatO,
1197 3571 1307 3614 tum
1352 3565 1514 3615 etiam
1556 3583 1625 3615 ex
1665 3565 1780 3633 ipso
1821 3564 2181 3630 Bellarmino,
2224 3567 2315 3635 qui

95 3645 189 3698 lib.
228 3645 327 3697 IV.
380 3662 496 3715 cap.
539 3649 586 3697 6.
630 3648 953 3699 sententiam
994 3646 1175 3714 Pighii
1218 3648 1570 3716 sequentibus
1610 3648 1789 3699 verbis
1831 3648 2110 3700 enuntiat:
2166 3649 2314 3714 ,Pro-

96 3727 278 3780 babile
330 3734 410 3780 est
460 3728 656 3797 pieque
709 3729 856 3781 credi
909 3735 1111 3798 potest,
1162 3729 1441 3781 Summum
1484 3730 1804 3782 Pontificem
1854 3748 1962 3782 non
2013 3731 2186 3782 solum
2236 3733 2316 3783 uti

97 3811 415 3863 Pontificem
456 3829 636 3864 errare
677 3830 785 3864 non
824 3830 998 3881 posse,
1041 3812 1135 3864 sed
1176 3814 1336 3864 etiam
1377 3819 1436 3863 ut
1462 3814 1847 3882 particularem
1876 3831 2160 3882 personam
2190 3815 2316 3867 hae-

98 3894 325 3945 reticum
368 3911 482 3945 esse
525 3912 633 3946 non
676 3913 857 3964 posse,
905 3896 1100 3947 falsum
1142 3895 1345 3964 aliquid
1386 3902 1574 3948 contra
1613 3896 1776 3948 fidem
1817 3897 2163 3967 pertinaciter
2203 3915 2315 3950 cre-
