2548 4290
280 161 526 204 Comment.
559 162 643 202 IX.
699 161 891 203 Concilii
924 162 1120 202 definitio
1155 163 1209 203 de
1242 163 1419 202 obiecto
1453 161 1791 202 infaIHbilitatis
1823 162 2092 215 pontificiae.
2205 162 2303 212 199

0 356 6 374 ἴ
55 367 57 369 ,
239 306 402 359 Suam
431 305 651 358 tandem
679 305 966 357 formulam
1000 307 1371 375 propositurus
1400 305 1805 360 animadvertit:
1852 307 2304 372 „PraemittimuS,

95 394 276 443 nostra
324 389 594 441 sententia
645 389 943 440 cavendum
986 390 1204 483 quidem
1256 406 1402 454 esse,
1459 406 1526 440 ne
1578 388 1811 440 formula
1863 388 2189 441 definitionis
2228 390 2306 441 illi

0 454 42 473 ι’
94 472 261 526 errori
313 471 497 524 favere
547 470 827 537 videatur,
885 473 975 541 qui
1024 473 1182 524 nimis
1221 473 1329 524 iam
1368 489 1584 540 sparsus
1624 478 1738 535 631,
1797 471 1996 524 iudicia
2052 473 2307 525 videlicet

0 542 47 639 Ξ
96 556 150 609 S.
190 554 345 607 Sedis
386 559 440 605 et
479 554 645 646 ipsius
672 554 953 606 Ecclesiae
996 573 1103 606 non
1143 573 1258 606 esse
1301 554 1627 619 infallibilia,
1669 554 1770 605 nisi
1810 559 2092 606 versentur
2130 556 2185 606 in
2225 556 2305 622 iis,

22 655 232 715 quae
271 642 395 689 sunt
434 637 653 705 proprio
694 642 748 688 et
787 638 1033 689 restricto
1076 655 1235 689 sensu
1274 638 1379 689 fide
1420 638 1603 689 divina
1654 636 1951 702 credenda3
2003 656 2104 689 non
2141 644 2308 689 tamen

94 739 125 774 a
163 721 304 772 nobis
332 721 452 788 peti,
489 725 546 771 ut
581 720 662 771 liic
699 738 845 772 error
881 721 970 772 lzoe
1008 722 1107 773 loco
1145 727 1394 790 tanquam
1432 721 1654 772 haeresis
1693 721 1976 786 damnetur,
2027 721 2207 790 doyma
2248 721 2308 774 cle

93 803 458 871 infallibilitate
494 820 564 854 820
597 821 666 871 [97
668 803 948 871 operiendo
1002 809 1058 854 ut
1085 821 1185 872 per
1223 821 1272 855 se
1310 805 1478 872 ipsum
1518 803 1588 854 ael
1613 803 1766 870 facta
1804 803 2085 872 (logsmatica
2122 809 2165 855 et
2201 804 2308 855 alia

93 887 273 940 obieeta
311 887 592 955 *massisterii
628 887 939 937 ecclesiastici
975 886 1288 938 emendatur.
1343 887 1483 939 Satis
1524 904 1638 938 esse
1680 886 1964 951 credimus,
2004 887 2047 937 si
2087 887 2307 938 definia-

94 975 210 1034 tur,
266 969 574 1021 Romanum
625 969 947 1021 Pontificem
1002 987 1116 1021 esse
1167 969 1541 1031 infallibilem,
1607 973 1666 1020 ut
1722 974 1802 1020 est
1855 969 2157 1020 infallibilis
2206 968 2308 1020 Ec-

96 1053 269 1105 clesia.
346 1052 538 1121 Itaque
582 1052 899 1119 formulam,
953 1070 1089 1122 quae
1133 1053 1365 1105 habetur
1406 1054 1460 1104 in
1503 1053 1792 1118 schemate,
1846 1053 1918 1104 316
1960 1052 2308 1122 proponimus

95 1136 523 1189 reformandam:

22 1215 27 1217 ”
244 1219 447 1285 ,,,Η1116
501 1235 652 1270 36616
695 1219 1032 1288 approbante
1073 1220 1313 1272 Concilio
1369 1220 1624 1271 docemus
1675 1224 1729 1271 et
1778 1219 1974 1287 dogma
2023 1219 2152 1270 fidei
2191 1235 2307 1270 esse

95 1302 456 1355 declaramus:
508 1302 815 1353 Romanum
867 1303 1214 1369 Pontificem,
1271 1303 1356 1353 6111
1407 1304 1459 1353 111
1513 1320 1744 1370 persona
1800 1303 1849 1353 b.
1890 1303 2041 1354 Petri
2093 1306 2309 1370 praeter

93 1385 201 1437 alia
240 1404 269 1437 a
312 1384 524 1437 Christo
564 1384 799 1436 Domino
840 1385 1037 1437 Nostro
1080 1386 1281 1437 dictum
1322 1390 1428 1437 est:
1484 1385 1602 1454 Ego
1644 1404 1738 1454 pro
1781 1392 1832 1437 te
1872 1385 2058 1453 rogavi
2099 1390 2199 1436 etc.
2244 1415 2308 1421 -—

95 1487 258 1539 quum
309 1486 406 1537 pro
454 1469 616 1538 plena
668 1474 934 1537 potestate
988 1469 1217 1521 docendi
1266 1470 1574 1520 universam
1613 1469 1916 1521 Ecclesiam
1968 1469 2310 1537 quaestiones

95 1553 161 1605 de
203 1552 308 1604 fide
349 1558 402 1604 61
441 1552 679 1604 moribus
720 1570 814 1604 suo
856 1553 1055 1605 iudicio
1098 1553 1300 1616 definit,
1343 1571 1440 1620 per
1476 1553 1707 1621 Spiritus
1733 1552 1914 1604 Sancti
1955 1552 2310 1603 assistentiam

95 1637 161 1688 ab
203 1653 384 1688 errore
424 1636 719 1686 immunem
761 1637 990 1700 servari,
1034 1642 1088 1688 et
1128 1638 1223 1687 has
1265 1638 1377 1688 eius
1419 1636 1760 1687 definitiones
1801 1636 1912 1686 sive
1943 1635 2172 1698 decreta,
2214 1650 2311 1701 per

93 1735 149 1771 se
189 1718 621 1781 irreformabilia,
663 1737 694 1770 a
735 1720 922 1788 quovis
961 1720 1269 1784 christiano,
1310 1725 1370 1771 ut
1408 1720 1641 1787 primum
1680 1720 1728 1770 ei
1756 1719 2106 1782 innotuerint,
2149 1717 2308 1784 pleno

94 1803 287 1855 mentis
338 1819 558 1854 assensu
610 1807 663 1853 61
713 1802 970 1871 obsequio
1025 1802 1348 1872 excipienda
1399 1809 1451 1854 et
1500 1802 1737 1854 tenenda
1787 1819 1919 1853 esse.
2007 1800 2310 1852 Definimus

93 1885 329 1954 insuper,
371 1885 510 1936 hanc
537 1884 769 1936 Romani
799 1886 1074 1937 Pontificis
1116 1886 1558 1938 infallibilitatem
1595 1885 1663 1937 ad
1703 1885 1846 1937 idem
1876 1885 2145 1936 obiectum
2186 1900 2307 1950 por-

91 1968 209 2037 rigi,
249 1968 317 2020 ad
357 1968 500 2036 quod
541 1967 900 2020 infallibilitas
941 1969 1217 2020 Ecclesiae
1259 1966 1594 2021 extenditur‘
1638 1969 1772 2020 etc.“
1797 1968 1813 1999 1

237 2050 338 2102 His
379 2058 555 2120 patet,
608 2051 781 2120 qualis
822 2052 987 2104 fuerit
1039 2053 1298 2104 dissensio
1340 2053 1480 2104 inter
1522 2070 1640 2118 663,
1701 2052 1792 2120 (1111
1843 2051 2130 2103 formulam
2172 2048 2312 2101 Con-

13 2199 15 2201 ,
94 2136 399 2204 gregationi
440 2136 683 2204 generali
723 2136 979 2188 traditam
1014 2137 1359 2206 respuebant,
1402 2144 1454 2188 61
1494 2138 1795 2204 complures
1836 2136 1957 2186 illos
1986 2136 2177 2187 Patres
2219 2133 2313 2184 de-

12 2229 16 2231 ’
92 2219 388 2288 putationis
441 2219 506 2271 de
547 2219 684 2287 fide,
739 2221 829 2289 qui
870 2239 989 2272 eam
1040 2220 1328 2272 formulam
1370 2225 1798 2290 composuerant.
1877 2220 2134 2287 Utrisque
2188 2234 2311 2269 con-

92 2302 297 2368 stabat,
351 2303 629 2355 Summum
670 2304 989 2356 Pontificem
1039 2323 1145 2356 non
1197 2305 1370 2356 solum
1408 2306 1464 2355 in
1513 2305 1674 2355 rebus
1725 2305 1780 2355 in
1832 2321 1887 2355 se
1939 2302 2191 2354 revelatis
2231 2301 2310 2351 in-

93 2386 378 2438 fallibilem
422 2404 556 2452 esse,
598 2388 690 2439 sed
732 2389 894 2439 etiam
936 2389 991 2440 in
1030 2390 1109 2447 iis,
1153 2407 1290 2458 quae
1333 2407 1452 2439 cum
1493 2388 1747 2440 revelatis
1789 2388 2108 2450 cohaerent,
2151 2402 2310 2454 porro

19 2502 29 2511 ν
94 2470 309 2538 11111(1116
351 2488 382 2521 6
422 2470 731 2522 definienda
771 2472 869 2523 hac
911 2472 1139 2523 veritate
1169 2472 1549 2524 abstinendum
1585 2489 1700 2523 esso
1730 2471 2039 2542 censebant.
2091 2469 2312 2520 Dissen-

97 2553 302 2604 tiebant
341 2553 407 2604 de
448 2553 563 2604 sola
604 2554 931 2606 definitionis
973 2555 1162 2607 forma.
1242 2557 1329 2606 Illi
1371 2555 1654 2620 volebant,
1704 2555 1973 2606 obiectum
2015 2552 2311 2604 infallibili-

94 2636 220 2687 tatis
262 2636 478 2687 omnino
520 2654 627 2688 non
669 2644 920 2689 accurate
962 2639 1236 2706 exhiberi,
1282 2639 1376 2690 sed
1415 2638 1718 2707 generatim
1762 2637 1989 2702 definiri,
2032 2636 2310 2688 Summum

96 2719 418 2770 Pontificem
458 2720 512 2770 in
552 2719 713 2771 rebus
739 2720 863 2772 fidei
893 2726 946 2772 et
974 2739 1182 2772 morum
1211 2721 1555 2772 infallibilem
1597 2738 1730 2786 esse,
1771 2721 1862 2786 ita,
1903 2725 1962 2770 ut
2002 2719 2310 2783 adderetur,

99 2802 365 2854 obiectum
407 2802 810 2854 infallibilitatis
848 2804 1155 2873 pontificiae
1195 2804 1339 2855 idem
1369 2821 1483 2856 esse
1512 2821 1632 2855 611111
1663 2803 1873 2855 61616616
1910 2801 2312 2854 infallibilitatis

97 2885 387 2938 Ecclesiae.
465 2886 540 2937 Hi
582 2888 900 2954 censebant,
955 2889 1321 2940 definiendum
1370 2906 1521 2954 esse,
1574 2888 1851 2939 Summum
1893 2886 2213 2938 Pontificem
2255 2885 2311 2935 in

97 2969 257 3021 rebus
309 2970 421 3037 ficle
473 2970 649 3021 divina
703 2970 962 3023 credendis
1014 2972 1358 3023 infallibilem
1415 2989 1560 3037 esse,
1626 2971 1809 3023 addito
1867 2970 2084 3039 quidem
2150 2969 2310 3020 etiam

98 3053 283 3118 alter0,
324 3053 586 3104 ambitum
628 3054 826 3105 obiecti
854 3055 1253 3106 infallibilitatis
1293 3056 1599 3124 pontificiae
1638 3060 1748 3106 tam
1775 3056 1882 3105 late
1923 3059 2109 3122 patere
2150 3069 2310 3121 quam

99 3134 369 3187 obiectum
410 3136 813 3190 infallibilitatis
850 3137 1146 3191 Ecclesiae.
1212 3138 1418 3197 Quibus
1459 3138 1673 3206 utrique
1715 3137 2052 3189 ducebantur
2091 3135 2311 3187 rationi-

100 3218 213 3284 bus,
256 3221 621 3288 exposuimus,

244 3301 389 3352 Dum
428 3303 483 3353 in
525 3302 1052 3372 Congregationibus
1093 3304 1438 3371 generalibus
1481 3303 1736 3355 discussio
1780 3304 1844 3355 (16
1885 3309 1996 3354 toto
2037 3302 2310 3353 schemate

102 3389 155 3435 et
195 3383 551 3437 discussiones
592 3387 855 3455 speciales
896 3387 961 3438 de
1003 3387 1228 3455 singulis
1270 3388 1536 3456 capitibus
1575 3387 1941 3451 habebantur,
1979 3386 2174 3436 Patres
2214 3384 2309 3450 illi,

103 3467 192 3535 qui
250 3469 527 3537 proposita
581 3469 907 3521 definitionis
962 3470 1362 3522 infallibilitatis
1420 3471 1728 3539 pontificiae
1783 3469 2015 3520 formula
2074 3468 2311 3520 contenti

101 3568 210 3602 non
250 3558 419 3617 erant,
461 3553 516 3603 in
554 3554 928 3622 congressibus
968 3555 1192 3622 privatis
1234 3554 1300 3605 de
1329 3573 1392 3606 ea
1421 3554 1760 3605 emendanda
1788 3553 2089 3604 deliberare
2117 3568 2309 3620 perge-

103 3632 248 3684 bant.
327 3633 477 3693 Quae
529 3635 596 3687 ab
647 3636 711 3687 iis
755 3643 942 3688 contra
993 3637 1278 3689 formulam
1332 3637 1727 3701 afferebantur,
1779 3636 1984 3704 negligi
2034 3653 2141 3686 non
2193 3641 2310 3703 pot-

104 3721 258 3767 616111
298 3717 364 3768 ab
405 3719 485 3783 113,
527 3719 617 3787 (1111
657 3720 921 3772 formulae
963 3726 1207 3772 auctores
1248 3721 1589 3772 exstiterunt.

252 3892 266 3919 ²
303 3893 597 3940 Fasciculus
634 3895 1041 3941 emendationum
1080 3899 1173 3941 etc.
1244 3894 1296 3941 O.
1335 3894 1395 3941 V.
1437 3896 1556 3940 1706
1574 3895 1603 3940 d
1640 3909 1713 3954 sq.
