2548 4290
208 137 277 188 24
705 136 817 176 Pars
850 135 884 175 Ι.
941 133 1097 176 Const.
1133 132 1188 174 de
1220 131 1322 174 fide.
1388 131 1499 187 Cap.
1535 131 1570 172 Ι.
1625 131 1741 173 Eius
1774 132 1981 174 historia.

213 282 639 351 „Permittatis,“
683 282 894 353 inquit,
941 286 1034 349 „ut
1076 281 1362 351 deputatio
1408 280 1585 350 magis
1627 279 1901 333 deliberet
1941 285 1997 331 et
2036 279 2306 331 maturius
2348 278 2483 332 deli-

208 370 366 423 beret
393 369 459 422 de
490 367 750 438 eligenda
778 367 1017 438 quadam
1039 385 1174 420 voce
1198 384 1421 434 prorsus
1444 364 1878 432 accommodata,
1909 369 1963 417 et
1989 363 2233 434 benigne
2255 382 2484 435 suspen-

208 454 348 507 datis
388 453 553 507 hodie
594 453 935 506 votationem
976 470 1143 523 super
1184 452 1288 504 hoc
1330 468 1558 503 assensu
1599 468 1775 521 usque
1817 451 1887 503 ad
1916 450 2216 503 crastinum
2245 450 2443 503 diem.“
2467 449 2485 483 ¹

352 538 435 591 Eo
479 538 567 590 die
612 538 684 605 (8.
727 537 960 608 Aprilis)
996 537 1306 608 Episcopus
1335 535 1813 589 Paderbornensis
1854 535 2129 606 exposuit,
2174 534 2484 605 deputatio-

205 641 332 677 nem
373 623 639 676 formulas
679 623 990 693 propositas
1033 622 1275 675 examini
1318 620 1635 674 subiecisse.
1692 620 1905 674 Vocem
1948 621 2203 691 cogendi,
2244 620 2374 673 licet
2416 620 2484 673 de

204 727 263 762 re
295 709 660 778 exprimenda
689 709 899 761 nullum
929 707 1158 760 dubium
1187 707 1545 777 relinqueret,
1589 725 1697 760 non
1729 707 2023 778 placuisse,
2066 725 2235 778 quum
2263 707 2376 759 vim
2403 707 2485 759 in-

207 794 435 861 dicaret,
478 812 620 864 quae
651 794 996 846 extrinsecus
1025 793 1337 847 afferretur.
1390 792 1605 845 Vocem
1633 792 2007 845 necessitandi
2050 810 2161 846 non
2202 810 2321 846 esse
2362 792 2486 845 lati-

206 897 352 931 nam.
431 878 702 932 Omnibus
743 879 941 930 iterum
997 896 1060 931 ac
1109 878 1273 930 tertio
1327 878 1590 948 expensis
1633 877 2052 949 deputationem
2093 878 2486 931 commendare

206 963 499 1017 formulam
526 964 694 1016 hanc:
743 963 830 1030 „S.
860 981 911 1033 q.
941 963 1011 1027 d.,
1055 980 1339 1015 assensum
1367 961 1498 1015 fidei
1540 962 1875 1016 christianae
1917 981 2028 1016 non
2070 980 2189 1016 esse
2229 963 2485 1030 liberum,

204 1049 302 1101 sed
341 1049 681 1118 argumentis
722 1049 950 1101 rationis
992 1048 1267 1100 humanae
1310 1048 1624 1101 necessario
1666 1049 1917 1119 produci,
1960 1066 2008 1102 a.
2050 1048 2124 1103 S.“
2149 1045 2171 1081 ²
2221 1048 2488 1102 Formula

204 1135 403 1187 iterum
443 1136 589 1187 lecta
629 1139 684 1187 et
713 1134 995 1204 explicata
1023 1133 1286 1203 suffragia
1314 1134 1594 1204 exquisita
1634 1139 1779 1202 sunt,
1822 1152 1999 1205 eaque
2042 1151 2315 1188 consensu
2341 1152 2485 1206 pene

203 1220 451 1272 unanimi
490 1219 865 1290 recipiebatur
885 1219 920 1273 3.

351 1312 547 1383 Itaque
604 1318 770 1384 caput
809 1313 1035 1366 tertium
1089 1330 1214 1365 cum
1266 1312 1570 1365 canonibus
1623 1312 1906 1366 revisum4
1952 1313 2301 1367 distribuitur
2342 1313 2488 1366 intez·

201 1397 395 1452 Patres
447 1399 645 1452 eodem
698 1399 828 1452 die5
882 1404 1047 1470 atque
1102 1398 1446 1470 approbatur
1495 1399 1552 1451 in
1606 1399 2036 1470 quadragesima
2094 1400 2289 1471 quinta
2341 1398 2484 1453 Con-

202 1485 532 1554 gregatione
585 1486 835 1556 generali
856 1483 893 1537 ⁶.
974 1484 1112 1538 Cum
1166 1484 1366 1538 ceteris
1420 1483 1846 1538 Constitutionis
1898 1486 2149 1556 partibus
2204 1485 2486 1556 suffragiis

204 1569 436 1623 Patrum
479 1570 767 1624 subiicitur
808 1572 865 1623 in
907 1571 1101 1624 eadem
1145 1570 1616 1640 Congregatione,
1659 1577 1721 1624 ut
1762 1571 1909 1624 infra
1948 1571 2281 1626 narrabitur.

353 1655 564 1725 Capitis
605 1657 787 1727 quarti
828 1657 1057 1726 eiusque
1100 1674 1376 1710 canonum
1419 1661 1474 1709 et
1514 1657 1878 1725 monitorum,
1937 1675 2079 1728 quae
2122 1658 2225 1711 toti
2267 1656 2479 1711 Consti-

203 1740 405 1793 tutioni
430 1741 617 1794 addita
646 1747 790 1810 sunt,
833 1742 1099 1795 discussio
1130 1742 1385 1812 specialis
1415 1741 1727 1794 habebatur
1751 1743 1807 1794 in
1836 1742 2288 1813 Congregatione
2316 1760 2482 1812 gene-

202 1825 305 1877 rali
345 1826 923 1897 undequadragesima
953 1827 1004 1880 d.
1039 1829 1084 1880 1.
1116 1827 1327 1898 Aprilis
1349 1826 1383 1880 ⁷.
1439 1827 1671 1881 Patrum
1702 1827 2159 1881 emendationes‘S
2201 1828 2484 1881 examina-

202 1910 405 1963 bantur
445 1912 501 1964 in
545 1913 757 1967 duabus
799 1913 1132 1966 sessionibus
1170 1913 1544 1984 deputationis
1587 1914 1655 1967 de
1698 1913 1824 1982 fide,
1868 1933 1931 1968 ac
1966 1914 2138 1967 Rfflus
2165 1913 2486 1968 Ludovicus

201 1996 320 2064 Pie,
362 1997 670 2070 Episcopus
711 2000 1098 2068 Pictaviensis,
1143 1999 1210 2052 de
1254 2001 1318 2053 iis
1359 2000 1416 2052 in
1458 2000 1882 2071 quadragesima
1927 2007 2124 2071 quarta
2165 2000 2488 2072 Congrega-

202 2083 352 2136 tione
394 2085 644 2154 generali
686 2084 761 2152 (d.
805 2088 855 2139 8.
889 2085 1124 2157 Aprilis)
1167 2086 1497 2139 relationem
1538 2085 1733 2139 habuit
1753 2085 1788 2139 ⁹.
1843 2086 2147 2157 Postquam
2188 2086 2388 2140 Patres
2429 2087 2485 2139 in

204 2167 400 2221 eadem
445 2168 897 2241 Congregatione
951 2171 1018 2225 de
1073 2172 1307 2241 singulis
1360 2171 1844 2225 emendationibus
1897 2172 2164 2243 suffragia
2218 2172 2485 2239 tulerunt,

206 2257 371 2323 caput
430 2272 555 2307 cum
608 2256 911 2310 canonibus
966 2275 998 2309 a
1054 2257 1416 2327 deputatione
1478 2256 1660 2310 denuo
1722 2257 1963 2310 revisum
1989 2255 2033 2290 ¹⁰
2091 2258 2237 2311 inter
2287 2256 2487 2310 Patres

204 2336 639 2395 distribuebatur
663 2341 706 2374 11
762 2348 817 2395 et
858 2342 927 2395 ab
981 2343 1045 2395 iis
1087 2343 1143 2394 in
1185 2343 1440 2413 sequenti
1483 2342 1937 2413 Congregatione
1982 2342 2059 2410 (d.
2106 2345 2190 2396 12.
2231 2342 2484 2413 Aprilis),

204 2429 493 2495 postquam
534 2445 679 2481 nova
721 2428 787 2481 de
831 2429 1186 2482 conclusione
1228 2427 1559 2482 deliberatio
1601 2428 1793 2481 habita
1835 2434 1933 2495 est,
1977 2428 2408 2500 approbabatur.

350 2510 437 2564 De
492 2514 843 2566 conclusione
897 2513 1348 2582 ConstitutioniS,
1410 2531 1552 2585 quae
1606 2513 1822 2567 duobus
1876 2514 2099 2567 monitis
2151 2515 2485 2583 continetur,

205 2594 393 2665 aliqua
433 2597 692 2652 addenda
732 2604 876 2654 sunt.

354 2689 534 2743 Priori
575 2693 783 2746 monito
827 2711 1017 2747 omnes
1048 2693 1254 2747 Christi
1295 2694 1505 2758 fideleS,
1548 2694 1791 2747 maxime
1821 2712 1952 2747 vero
1990 2694 2044 2757 ii,
2086 2694 2180 2764 qui
2223 2698 2487 2764 praesunt

204 2774 295 2826 vel
338 2774 574 2829 docendi
617 2796 846 2832 munere
887 2779 1216 2849 funguntur,
1260 2779 1503 2832 studium
1546 2785 1600 2833 et
1642 2798 1869 2849 operam
1910 2779 2165 2833 conferre
2207 2779 2486 2845 iubentur,

204 2863 265 2911 ut
318 2878 530 2916 errores
584 2862 994 2918 Constitutione
1049 2865 1346 2935 proscripti
1400 2865 1468 2918 ab
1513 2864 1768 2918 Ecclesia
1822 2863 2028 2917 Christi
2081 2868 2378 2918 arceantur
2433 2869 2488 2917 et

205 2945 530 3014 purissimae
586 2948 717 3001 fidei
769 2950 870 3001 lux
922 2951 1217 3020 pandatur.
1313 2951 1511 3004 Altero
1571 2969 1762 3004 omnes
1818 2951 1988 3005 officii
2044 2954 2370 3016 monentur,
2428 2955 2489 3001 ut

208 3031 376 3083 etiam
433 3050 524 3086 eas
578 3033 1015 3089 Constitutiones
1078 3054 1255 3107 eaque
1308 3036 1553 3090 Decreta
1608 3042 1865 3105 servent,
1924 3035 2123 3107 quibus
2180 3035 2486 3106 opiniones,

208 3132 374 3184 quae,
429 3118 560 3171 licet
609 3120 924 3175 haereticae
977 3123 1106 3175 illae
1161 3123 1387 3194 quidem
1440 3142 1551 3176 non
1607 3123 1747 3191 sint,
1804 3122 1875 3176 ad
1915 3121 2256 3175 haereticam
2297 3125 2486 3173 tamen

209 3202 538 3270 pravitatem
580 3204 704 3274 plus
745 3206 998 3260 minusve
1039 3209 1326 3276 accedant,
1369 3227 1401 3262 a
1431 3208 1485 3263 S.
1516 3208 1661 3263 Sede
1690 3208 2034 3278 proscriptae
2077 3211 2132 3259 et
2171 3204 2486 3277 prohibitae

360 3411 375 3438 ¹
412 3411 615 3460 Relatio
643 3417 740 3461 etc.
792 3412 847 3461 C.
874 3414 936 3465 V.
969 3417 1056 3463 191
1078 3416 1124 3464 d.
1280 3415 1297 3443 ²
1335 3417 1467 3465 Ibid.
1517 3416 1572 3466 C.
1599 3417 1662 3465 V.
1693 3416 1785 3465 192
1804 3434 1833 3465 a
1860 3432 1970 3480 sqq.
2020 3415 2098 3465 Cf.
2124 3416 2204 3463 Ex
2230 3416 2360 3464 actis
2389 3419 2485 3464 etc.

210 3486 265 3537 C.
303 3489 366 3537 V.
411 3491 599 3539 1675b.
785 3491 801 3518 3
839 3493 1042 3541 Relatio
1083 3498 1180 3541 etc.
1252 3493 1307 3543 C.
1346 3496 1408 3543 V.
1452 3497 1542 3543 193
1560 3512 1603 3544 a.
1677 3494 1754 3543 Cf.
1795 3495 1929 3543 Acta
1966 3499 2063 3543 etc.
2137 3494 2191 3543 C.
2230 3494 2293 3543 V.
2334 3495 2484 3542 7380.

361 3566 381 3594 4
416 3567 591 3616 Habes
627 3569 755 3617 illud
794 3569 849 3619 C.
887 3570 949 3619 V.
991 3573 1130 3619 1931)
1169 3587 1278 3635 sqq.
1328 3572 1552 3621 Seorsim
1590 3589 1839 3622 canonem
1878 3574 2114 3636 quintum
2153 3571 2208 3620 C.
2234 3572 2297 3621 V.
2325 3572 2484 3620 214d.

360 3644 376 3671 ⁵
414 3646 551 3694 Acta
587 3650 684 3694 etc.
757 3646 811 3695 C.
849 3647 911 3696 V.
952 3651 1045 3697 738
1063 3649 1108 3697 d.
1292 3649 1309 3678 ὃ
1346 3651 1478 3700 Ibid.
1550 3650 1606 3700 C.
1644 3651 1707 3700 V.
1746 3652 1841 3698 739
1857 3667 1901 3699 a.

363 3722 377 3748 ⁷
416 3723 548 3772 Ibid.
610 3723 666 3773 C.
705 3722 765 3773 V.
806 3727 898 3773 736
917 3742 958 3773 c.
1141 3725 1158 3754 8
1197 3727 1252 3776 C.
1291 3728 1354 3776 V.
1398 3730 1533 3777 1950
1570 3744 1682 3792 sqq.

366 3798 382 3826 ⁹
418 3799 621 3849 Relatio
660 3804 757 3850 etc.
829 3801 884 3851 C.
921 3802 984 3850 V.
1024 3805 1120 3852 200
1158 3820 1267 3867 sqq.
1340 3805 1475 3854 Acta
1513 3810 1610 3854 etc.
1683 3804 1739 3854 C.
1777 3805 1839 3853 V.
1882 3807 1974 3853 738
1994 3806 2039 3854 d.

340 3875 377 3903 ¹⁰
415 3876 470 3925 C.
508 3877 571 3925 V.
609 3880 747 3926 2120
785 3895 895 3942 sqq.
963 3879 1040 3929 Cf.
1078 3881 1159 3928 Ex
1196 3883 1324 3930 actis
1362 3887 1460 3931 etc.
1533 3882 1587 3932 C.
1626 3883 1688 3930 V.
1733 3884 1856 3930 1675
1875 3899 1912 3931 c.

342 3953 379 3980 ¹¹
418 3955 552 4002 Acta
592 3960 688 4004 etc.
759 3955 812 4004 C.
851 3957 914 4006 V.
955 3959 1047 4005 738
1067 3959 1114 4008 d.
