2548 4290
470 168 539 207 De
571 166 774 207 doctrina
805 165 1144 207 infallibilitatis
1177 167 1336 220 pontif.
1370 166 1571 208 Concilio
1604 171 1850 221 proposita.
2167 166 2266 217 105

59 312 402 371 referendum
454 316 535 364 est
573 310 642 363 ad
682 310 948 362 sessiones
988 327 1171 362 mense
1210 310 1510 362 Februario
1552 311 1781 363 habitas.
1858 311 1974 363 Nec
2023 310 2265 379 profecto

54 398 275 469 cognitu
302 394 523 446 difficile
552 398 648 459 est,
689 398 911 462 propter
938 410 1069 461 quas
1105 393 1343 446 rationes
1383 394 1684 445 commissio
1724 395 1780 445 in
1821 393 1902 445 his
1941 391 2267 446 sessionibus

63 479 410 553 „prudentem
450 477 599 528 illam
642 475 1044 528 oeconomiam“
1098 492 1315 527 servare
1355 477 1620 528 statuerit.
1699 476 1877 536 Quum
1919 493 1982 528 eo
2022 480 2265 544 tempore

58 563 321 632 maximae
361 564 711 628 tempestates
740 564 928 610 contra
956 557 1259 610 Concilium
1300 563 1353 610 et
1393 559 1709 625 praesertim
1737 563 1925 610 contra
1965 558 2264 610 doctrinam

56 643 480 708 infallibilitatis,
533 659 693 711 quam
744 642 837 693 alii
878 641 1238 693 definiendam
1290 641 1584 693 censebant
1622 642 1714 693 alii
1755 641 2062 710 negabant,
2115 646 2265 692 ortae

57 733 258 795 essent,
297 726 562 779 timebant
602 725 963 791 consultoreS,
1006 742 1090 791 ne,
1131 725 1174 775 si
1213 725 1464 776 Summus
1504 724 1761 776 Pontifex
1806 742 1925 776 eam
1966 724 2265 775 doctrinam

56 811 294 867 Concilio
334 813 690 879 proponeret,
737 808 902 860 animi
938 806 1241 877 perturbati
1280 807 1347 858 ab
1386 808 1502 876 ipso
1544 814 1597 859 et
1637 825 1667 859 a
1708 807 1951 859 Concilio
1993 807 2264 859 abaliena-

54 899 251 949 rcntur.
305 892 508 954 Quodsi
535 891 792 960 Episcopi
832 892 1153 959 postulaturi
1194 896 1388 956 essent,
1431 896 1487 941 ut
1528 890 1775 942 doctrina
1802 891 1896 942 illa
1935 907 2264 959 proponere-

52 984 164 1045 tur,
215 976 545 1029 consultores
595 980 742 1026 recte
793 973 1117 1038 censebant,
1172 980 1286 1025 tum
1338 990 1439 1025 nec
1491 979 1701 1026 tantum
1751 974 1867 1026 fore
1918 973 2265 1025 abalienandi

53 1057 253 1115 animos
305 1059 631 1128 periculum,
684 1074 783 1109 nec
832 1057 911 1108 fas
951 1074 1066 1108 esse
1107 1056 1391 1125 Episcopis
1433 1056 1772 1125 denegandi,
1825 1057 1969 1126 quod
2018 1057 2133 1108 iure
2174 1074 2265 1125 pe-

52 1150 241 1198 terent.
315 1142 513 1194 Mirum
564 1141 724 1209 plane
777 1146 885 1206 est,
941 1139 1084 1209 quod
1137 1139 1365 1192 Concilii
1415 1141 1837 1208 reprehensores
1889 1146 2077 1192 contra
2129 1140 2264 1191 illud

54 1226 436 1281 commissionis
474 1225 751 1277 decretum
789 1225 1120 1293 suspiciones
1161 1224 1401 1275 excitare
1443 1223 1696 1289 audeant,
1737 1228 1898 1292 atque
1941 1224 1990 1274 ei
2029 1223 2264 1292 pruden-

53 1309 180 1364 tiam
227 1310 283 1362 in
335 1310 535 1361 crimen
587 1313 828 1374 vertant,
881 1326 1046 1377 quum
1098 1314 1279 1358 tamen
1320 1307 1612 1376 prudentia
1651 1307 1821 1358 virtus
1861 1308 1929 1358 sit
1982 1312 2144 1375 atque
2201 1323 2265 1358 ea

54 1393 267 1465 quidem
306 1393 476 1444 virtus
517 1391 805 1443 cardinalis
847 1397 900 1442 et
940 1391 1178 1442 omnium
1220 1390 1448 1442 aliarum
1489 1390 1748 1441 virtutum
1791 1390 2142 1441 moderatrix.

60 1500 74 1507 ·
140 1493 143 1502 ²
194 1476 508 1530 Commissio
561 1480 751 1544 postea
790 1473 1215 1541 (menseIunio)
1274 1471 1492 1525 schema
1543 1473 1609 1525 de
1650 1473 2038 1524 infallibilitate
2089 1473 2265 1541 ponti-

53 1561 170 1614 ficia
221 1562 460 1631 paravit,
515 1565 574 1611 ut
612 1565 829 1629 praesto
870 1564 1036 1624 esset,
1089 1559 1132 1610 si
1184 1558 1489 1610 huiusmodi
1531 1559 1807 1610 doctrinae
1863 1557 2157 1626 propositio
2198 1555 2265 1607 ab

52 1644 330 1715 Episcopis
370 1648 665 1713 peteretur.
719 1642 827 1695 Sed
868 1642 986 1693 aliis
1025 1642 1291 1710 gravioris
1332 1642 1592 1693 momenti
1633 1641 1793 1693 rebus
1834 1639 2096 1709 impedita
2136 1657 2264 1691 exa-

53 1736 173 1780 men
212 1727 500 1779 schematis
540 1744 649 1778 non
691 1725 924 1777 absolvit
948 1725 982 1776 1.

63 1821 91 1840 ·’
158 1843 160 1845 ν
193 1810 340 1864 Ante
383 1802 681 1862 Concilium
722 1809 1035 1860 inchoatum
1077 1804 1154 1858 et'
1181 1824 1243 1859 co
1285 1807 1378 1858 vix
1430 1813 1760 1875 congregato
1800 1807 2057 1876 Episcopi
2097 1807 2266 1875 petie-

52 1900 175 1948 runt
214 1895 322 1961 alii,
362 1899 421 1946 ut
458 1894 706 1951 'doctrina
746 1893 812 1944 de
852 1891 1240 1944 infallibilitate
1281 1892 1557 1960 pontificia
1585 1909 1615 1942 a
1643 1891 1885 1943 Concilio
1927 1896 2263 1949 tractaretur,

52 1971 158 2044 alii,
179 1983 240 2030 ut
261 1978 616 2030 omitteretur.
659 1976 960 2029 Cardinalis
984 1975 1461 2043 Schwarzenbcrg,
1487 1976 1745 2043 Archiep.
1768 1975 2075 2043 Pragcnsis,
2099 1992 2263 2044 quum

52 2060 230 2114 futuro
273 2060 513 2116 Concilio
555 2060 823 2129 quaedam
864 2059 1132 2111 desideria
1171 2064 1532 2127 proponeret,
1584 2077 1645 2124 „a
1687 2059 2007 2110 doctissimis
2047 2064 2100 2110 et
2140 2076 2265 2127 pru-

53 2144 373 2198 dentissimis
410 2144 678 2210 fidelibus,
721 2143 948 2195 Sanctae
982 2143 1108 2195 Sedi
1148 2143 1335 2193 intime
1374 2142 1619 2206 addictis,
1661 2142 2044 2193 vehementer“
2089 2143 2264 2209 optari

52 2227 139 2295 ait,
183 2238 283 2294 „ne
323 2227 622 2279 Concilium
665 2226 921 2291 declaret,
962 2226 1050 2278 vel
1090 2225 1313 2277 definiat
1352 2225 1796 2277 infallibilitatem
1837 2225 2042 2277 Summi
2081 2226 2265 2277 Ponti-

51 2311 192 2363 ficis“
215 2309 252 2362 ².
329 2311 503 2362 Maior
560 2311 721 2363 etiam
773 2327 895 2378 pars
945 2309 1338 2378 Episcoporum
1388 2308 1714 2360 Germaniae
1776 2325 1959 2359 mense
2011 2308 2262 2376 Augusto

51 2396 262 2446 a‘.··1869
303 2394 510 2446 Fuldae
551 2399 1006 2461 congregatorum
1045 2393 1101 2443 in
1141 2393 1310 2444 literis
1351 2392 1420 2443 ad
1454 2392 1735 2444 Summum
1762 2391 2085 2443 Pontificem
2127 2391 2265 2443 datis

49 2476 339 2545 significat,
394 2494 535 2543 sese,
593 2471 681 2542 „in
734 2482 995 2545 quantum
1050 2493 1135 2526 res
1189 2475 1257 2526 ad
1309 2475 1659 2527 Germaniam
1715 2479 1954 2542 spectat,
2008 2492 2263 2542 praesens

49 2564 260 2629 tempus
299 2560 474 2611 minus
525 2564 887 2628 opportunum
940 2559 1251 2610 existimare
1303 2558 1372 2609 ad
1425 2557 1790 2610 definiendam
1829 2558 2036 2609 Summi
2077 2558 2264 2609 Ponti-

48 2635 161 2694 fi'ci's
211 2642 687 2694 infallibilitatem“
709 2641 744 2692 3.
822 2642 963 2693 Item
1013 2641 1267 2693 undecim
1308 2640 1520 2692 Calliae
1562 2641 1817 2710 Episcopi
1869 2641 1922 2691 in
1979 2642 2262 2709 postulatis

48 2725 369 2795 quibusdam
410 2725 652 2778 Concilio
694 2725 1011 2794 propositis:
1068 2724 1383 2790 „Attento“,
1437 2725 1717 2793 inquiunt,
1774 2725 2079 2794 „praesenti
2120 2730 2263 2776 statu

46 2807 322 2860 Ecclesiae
364 2808 744 2877 humanaeque
792 2808 1091 2873 societatis,
1148 2808 1386 2876 prudens
1441 2812 1914 2877 opportunumque
1968 2807 2261 2873 videretur,

47 2897 111 2943 ut'
142 2909 316 2944 novae
358 2892 702 2943 definitiones
753 2890 880 2942 fidei
931 2909 1039 2942 non
1080 2891 1403 2956 ederentur,
1455 2891 1555 2942 nisi
1607 2891 1674 2942 ob
1727 2892 2018 2943 maximam
2061 2897 2113 2943 et
2153 2893 2261 2943 evi-

50 2969 417 3026 dentissimam
467 2969 848 3027 necessitatem
888 2974 1067 3026 eto.“⁴
1144 2974 1347 3026 Contra
1386 2974 1643 3042 Episcopi
1685 2974 1972 3034 Quitenses
2026 2975 2081 3025 in
2123 2974 2261 3027 Con-

48 3058 168 3110 cilio
227 3059 546 3127 provinciali
602 3059 918 3126 congregati
970 3058 1038 3124 (a.
1097 3057 1255 3124 1869)
1308 3059 1362 3108 in
1414 3058 1583 3109 literis
1638 3058 1705 3108 ad
1757 3058 1917 3109 Pium
1966 3058 2067 3109 IX.
2123 3059 2260 3110 datis

49 3141 344 3209 petierunt,
385 3148 445 3194 ut
489 3142 753 3208 „Romani
792 3141 1069 3193 Pontificis
1107 3142 1161 3192 in
1202 3141 1291 3206 113,
1345 3158 1482 3209 quae
1524 3140 1591 3191 ad
1630 3141 1791 3192 fidem
1832 3147 1884 3192 et
1924 3158 2099 3191 mores
2142 3159 2261 3210 per-

49 3223 236 3290 tinent,
276 3224 574 3276 infallibilis
614 3225 905 3276 auctoritas
944 3231 1203 3292 tanquam
1244 3224 1442 3292 dogma
1477 3223 1834 3275 certissimum
1864 3241 1895 3275 a
1921 3225 2148 3292 Deoque
2178 3242 2259 3274 re-

14 3295 18 3298 *
49 3306 283 3358 velatum
326 3307 672 3359 definiretur“
697 3308 733 3357 ⁵.
812 3307 1070 3359 Similiter
1106 3307 1364 3376 Episcopi
1399 3306 1748 3375 Neapolitani
1789 3307 1930 3359 inter
1970 3308 2257 3371 doctrinas,

49 3401 177 3456 quas
199 3389 490 3442 aConcilio
519 3391 734 3442 tractari
764 3391 969 3453 volunt,
999 3390 1159 3442 etiam
1189 3408 1307 3442 eam
1337 3389 1588 3453 offerunt,
1618 3408 1721 3458 qua
1743 3390 1992 3441 fidelibus
2023 3390 2256 3441 officium

48 3470 346 3524 inculcatur
386 3475 592 3526 Summi
631 3474 909 3526 Pontificis
951 3474 1363 3543 obtemperandi
1404 3473 1687 3539 mandatis,
1734 3491 1861 3540 „seu
1902 3473 2080 3542 quoad
2122 3474 2259 3524 veri-

50 3559 184 3625 tates
223 3557 511 3623 tenendaS,
553 3575 646 3609 seu
688 3557 865 3626 quoad
907 3574 1117 3609 errores
1157 3558 1515 3609 aversandos⁴⁴
1544 3556 1580 3607 ὕ.
1659 3557 1902 3608 Tandem
1944 3558 2111 3608 Rffius
2151 3557 2258 3607 De-

56 3669 176 3676 —0-—-⁷->
196 3675 250 3677 jv.

193 3737 205 3762 ¹
245 3737 299 3785 C.
337 3738 395 3783 V.
439 3740 614 3785 11060.
796 3738 811 3764 ²
849 3738 902 3786 C.
942 3739 1000 3784 V.
1039 3741 1191 3785 914a.
1372 3739 1387 3764 ³
1426 3739 1478 3786 C.
1520 3739 1579 3786 V.
1618 3741 1772 3786 9141).
1827 3739 2012 3786 1196d.

192 3811 209 3838 4
246 3813 299 3860 C.
335 3813 395 3859 V.
433 3814 588 3861 9141).
624 3815 716 3860 848
734 3815 778 3861 d.
958 3814 972 3839 ⁵³
1011 3814 1064 3861 C.
1104 3815 1162 3860 V.
1200 3816 1355 3862 9141).

194 3887 210 3914 ὃ
245 3888 509 3944 Postulata
546 3895 640 3936 etc.
711 3889 764 3936 C.
801 3890 863 3937 V.
903 3892 993 3936 782
1012 3892 1057 3938 b.
