2548 4290
204 122 307 173 186
373 122 487 162 Pars
520 120 578 162 11.
637 118 792 161 Const.
829 117 883 159 de
916 118 1039 159 Eccl.
1106 117 1217 172 Cap.
1251 117 1309 158 11.
1369 116 1786 160 Commentationes
1821 116 1876 158 de
1909 118 2146 172 aliquibus
2178 119 2307 160 locis.

203 268 329 321 duci
370 267 560 320 stricta
602 271 656 318 et
697 264 951 317 absoluta
980 264 1280 316 necessitas
1321 263 1474 316 illam
1515 264 1848 334 exquirendi
1888 282 1920 317 a
1959 264 2265 318 rectoribus
2308 265 2481 320 ecclc-

201 353 404 405 siarum
445 368 542 403 seu
595 350 663 402 ab
706 349 1015 419 Episcopis.
1095 349 1239 402 Nam
1281 349 1419 402 haec
1461 350 1747 403 consensio
1804 354 1987 418 potest
2027 350 2348 420 saepissime
2389 350 2480 404 de-

203 438 329 490 duci
372 455 442 489 ex
485 436 647 488 claris
689 441 744 488 et
787 435 1092 488 manifestis
1133 434 1465 487 testimoniis
1508 434 1711 488 Sacrae
1754 434 2102 505 Scripturae,
2145 453 2217 488 ex
2258 452 2484 490 consen-

199 523 351 575 sione
393 520 755 591 antiquitatiS,
797 520 853 573 id
895 527 993 585 est,
1036 526 1352 572 sanctorum
1380 519 1630 586 Patrum,
1673 538 1745 572 ex
1772 520 2050 573 sententia
2076 519 2367 573 doctorum
2394 522 2483 575 vel

199 607 319 661 aliis
359 606 537 659 modis
579 606 839 676 privatiS,
898 623 1039 675 quae
1083 605 1269 657 omnia
1310 605 1379 657 ad
1420 605 1645 676 plenam
1686 605 2139 659 informationem
2180 605 2482 661 sufficiunt.

352 691 627 758 „Demum
670 709 954 761 nunquam
996 690 1556 760 praetermittendum
1598 696 1697 758 est,
1741 691 1888 761 quod
1917 691 2107 761 Papae
2150 697 2372 762 praesto
2416 692 2486 746 sit

199 777 295 830 illa
335 777 559 830 traditio
604 776 871 830 ecclesiae
913 776 1232 843 Romanae,
1280 776 1336 828 id
1379 787 1460 829 est
1500 776 1648 829 illius
1691 777 1989 845 ecclesiae,
2044 777 2114 830 ad
2156 795 2322 848 quam
2362 795 2484 847 per-

198 863 327 916 fidia
367 881 480 915 non
520 863 691 915 habet
733 879 1032 927 accessum,
1074 868 1128 915 et
1169 861 1240 914 ad
1282 880 1447 933 quam
1488 868 1718 933 propter
1746 863 2122 933 potentiorem
2163 863 2310 916 illius
2337 864 2484 934 prin-

201 949 542 1018 cipalitatem
597 966 819 1001 omnem
861 954 1081 1018 oportet
1135 949 1432 1001 convenire
1476 947 1784 1002 ecclesiam.
1862 948 2108 1002 Proinde
2163 949 2353 1002 stricta
2391 949 2487 1003 illa

199 1035 517 1101 necessitaS,
562 1034 739 1104 qualis
780 1034 1082 1104 requiritur
1124 1033 1193 1086 ad
1224 1034 1676 1087 constitutionem
1706 1034 2098 1103 dogmaticam,
2140 1034 2293 1087 nullo
2324 1035 2486 1089 modo

201 1125 386 1190 potest
429 1119 817 1172 demonstrari.
873 1119 1071 1172 Potest
1101 1119 1356 1172 accidere
1400 1137 1557 1172 casus
1586 1119 1785 1190 aliquis
1826 1120 1904 1173 ita
1945 1120 2205 1188 difficilis,
2245 1124 2307 1172 ut
2333 1119 2488 1191 Papa

197 1205 575 1258 necessarium
604 1211 763 1276 putet
790 1223 890 1276 pro
931 1223 1030 1257 sua
1075 1204 1485 1272 informatione,
1529 1204 1671 1257 sicut
1698 1204 1756 1257 id
1797 1204 2008 1259 factum
2050 1212 2149 1273 est,
2193 1223 2317 1258 cum
2359 1223 2519 1276 ago-v

198 1295 352 1344 retur
395 1290 462 1343 de
515 1290 776 1360 dogmate
829 1290 1218 1343 immaculatae
1262 1290 1684 1361 ConceptioniS,
1744 1308 2011 1361 quaerere
2066 1309 2137 1344 ex
2177 1290 2485 1362 Episcopis,
2546 1334 2548 1336 .

198 1382 464 1447 tanquam
506 1376 689 1428 medio
733 1375 1030 1443 ordinario,
1075 1376 1208 1447 quid
1249 1376 1491 1430 sentiant
1534 1377 1830 1444 ecclesiae3
1875 1376 1972 1430 sed
2013 1377 2138 1429 talis
2181 1395 2337 1431 casus
2378 1395 2486 1430 non

203 1468 387 1533 potest
429 1463 596 1515 statui
639 1480 738 1533 pro
782 1463 996 1532 regula.

357 1548 646 1618 „Insuper,
690 1548 839 1619 quod
880 1549 1023 1601 bene
1067 1548 1374 1601 notandum
1416 1553 1525 1617 est,
1568 1566 1760 1601 omnes
1802 1548 1999 1615 sciunt,
2041 1548 2295 1618 regulam
2335 1548 2485 1601 illam

202 1633 270 1687 de
313 1635 678 1687 consensione
733 1634 1091 1687 ecclesiarum
1135 1634 1191 1685 in
1233 1634 1652 1704 praedicatione
1707 1639 2004 1704 praesente
2056 1634 2245 1687 valere
2287 1633 2487 1687 solum-

201 1720 364 1773 modo
423 1720 479 1771 in
521 1738 686 1773 sensu
728 1720 998 1791 positivo,
1061 1720 1382 1773 nullatenus
1424 1737 1554 1773 vero
1607 1720 1664 1772 in
1714 1737 1879 1772 sensu
1932 1720 2222 1790 negativo3
2281 1719 2337 1773 id
2390 1738 2486 1788 est,

202 1823 364 1858 omne
419 1806 567 1876 quod
627 1805 957 1858 universalis
1010 1805 1262 1858 Ecclesia
1316 1806 1669 1858 consentiens
1725 1805 2140 1876 praedicatione
2194 1811 2487 1876 praesente

202 1900 469 1962 tanquam
510 1891 823 1944 revelatum
866 1892 1095 1962 suscipit
1137 1897 1192 1945 et
1233 1897 1564 1959 veneratur,
1611 1898 1761 1945 certe
1804 1898 1886 1944 est
1927 1909 2121 1944 verum
2165 1898 2220 1945 et
2262 1891 2489 1944 catholi-

202 1996 343 2030 cum.
425 1978 529 2030 Ast
570 1977 702 2048 quid
744 1978 867 2044 fiet,
922 1977 964 2030 si
1008 1977 1277 2030 dissensio
1320 1978 1465 2030 inter
1508 1977 1773 2031 ecclesias
1815 1977 2180 2049 particulares
2223 1978 2487 2046 exoritm,

202 2066 247 2117 si
290 2065 704 2118 controversiae
749 2065 816 2117 de
859 2064 967 2117 fide
1026 2065 1437 2135 insequuntur?
1506 2064 1661 2117 Tunc
1713 2065 1873 2117 iuxta
1913 2064 2262 2117 Lirinensem
2304 2081 2488 2117 recur-

200 2150 437 2203 rendum
489 2155 568 2202 est
630 2150 698 2202 ad
757 2150 1181 2203 consensionem
1235 2150 1615 2220 antiquitatis»,
1671 2149 1728 2202 id
1782 2156 1865 2203 est
1919 2149 1989 2203 ad
2031 2149 2377 2220 Scripturam
2435 2157 2488 2203 et

204 2242 423 2289 sanctos
466 2236 689 2303 Patres3
741 2243 795 2288 et
837 2254 906 2289 ex
951 2237 1316 2289 consensione
1357 2236 1706 2306 antiquitatis
1749 2235 2016 2289 dissensio
2059 2234 2488 2306 praedicationii

204 2324 516 2392 praesentis
559 2328 641 2374 est
681 2322 1032 2375 resolvenda.

360 2407 513 2475 „Iam
555 2413 749 2460 notum
803 2415 911 2475 est,
971 2408 1118 2478 quod
1172 2407 1378 2460 iudicia
1421 2407 1735 2477 dogmatica
1779 2407 2068 2461 Pontificis
2107 2406 2348 2461 Romani
2400 2408 2490 2460 vel

204 2494 447 2545 maxime
500 2499 794 2545 versentur
835 2494 979 2546 circa
1021 2495 1425 2546 controversias
1473 2493 1631 2559 fidei,
1685 2494 1740 2545 in
1784 2493 1982 2564 quibus
2024 2493 2085 2546 fit
2123 2510 2377 2547 recursus
2419 2494 2488 2546 at'l

201 2579 430 2632 Sacram
474 2578 701 2641 Sede1n3
757 2579 1026 2632 Pontifex
1069 2579 1357 2633 Romanus
1399 2597 1533 2650 ergo
1575 2579 1699 2633 illas
1742 2579 1975 2632 definire
2017 2579 2202 2647 debet,
2245 2579 2335 2633 vel
2376 2597 2488 2633 ma·-

201 2666 353 2718 xime
398 2682 468 2717 ex
511 2665 817 2735 Scriptura,
862 2666 1066 2718 sanctis
1107 2665 1399 2732 Patribus,
1443 2665 1762 2718 doctoribus
1802 2665 2111 2733 Ecclesiae,
2154 2669 2209 2718 et
2248 2665 2339 2718 vel
2380 2682 2490 2717 ma·-

200 2751 352 2804 xime
396 2769 466 2803 ex
508 2750 809 2804 traditione
867 2751 1135 2804 ecclesiae
1189 2751 1508 2820 Romanae,
1565 2769 1740 2822 quae,
1800 2751 1949 2822 quod
1988 2751 2190 2804 Petrus
2245 2749 2486 2803 tradidit,

201 2836 443 2889 fideliter
485 2841 539 2888 et
580 2843 768 2889 sancte
812 2837 1127 2890 custodivit.
1209 2837 1540 2908 Quicunque
1584 2855 1718 2908 ergo
1775 2836 2090 2904 contendit,
2143 2836 2292 2908 quod
2332 2836 2479 2907 Papa

203 2923 319 2976 sive
361 2922 431 2975 ad
472 2922 928 2976 informationem
970 2924 1085 2976 sive
1129 2923 1198 2976 ad
1240 2923 1537 2976 infallibile
1581 2923 1648 2976 de
1689 2923 1799 2976 fide
1842 2930 1897 2977 et
1933 2923 2179 2977 moribus
2220 2922 2481 2976 iudicium

203 3009 428 3062 omnino
484 3008 802 3080 dependeat
852 3028 883 3061 a
934 3009 1232 3062 manifesta
1283 3011 1647 3063 consensione
1688 3009 2095 3080 Episcoporum
2154 3009 2245 3062 vel
2299 3026 2482 3062 eorum

203 3095 443 3162 auxiliO,
495 3095 577 3147 illi
619 3095 756 3147 nihil
799 3095 1075 3166 reliquum
1131 3102 1214 3149 est
1254 3096 1359 3148 nisi
1400 3102 1644 3149 statuere
1688 3096 1889 3149 falsum
1941 3095 2081 3148 illud
2137 3096 2484 3166 principium,

204 3181 389 3233 omnia
431 3180 636 3232 iudicia
678 3181 995 3251 dogmatica
1029 3181 1269 3234 Romani
1298 3183 1584 3236 Pontificis
1612 3183 1668 3234 in
1710 3200 1768 3235 se
1810 3186 1866 3235 01
1908 3199 1980 3235 ex
2022 3199 2081 3234 00
2123 3198 2242 3234 0000
2272 3181 2485 3234 infirma

202 3272 258 3319 et
298 3266 703 3336 reformabilia,
745 3267 850 3319 nisi
893 3267 1124 3320 accedat
1165 3286 1464 3320 consensus
1505 3268 1813 3321 Ecclesiae.

358 3351 505 3420 „Sed
547 3352 650 3405 hoc
704 3357 949 3423 systema
990 3361 1087 3405 3111
1129 3360 1211 3406 001
1261 3371 1486 3424 prorsus
1528 3353 1885 3407 arbitrarium
1941 3357 2037 3405 aut
2076 3352 2246 3405 totius
2286 3350 2486 3404 infalli-

201 3437 432 3491 bilitatis
463 3438 782 3507 pontificiae
814 3438 1148 3492 eversivum.
1211 3438 1312 3492 Est
1351 3440 1722 3509 arbitrarium,
1763 3440 1807 3492 si
1847 3439 2228 3509 requireretur
2269 3437 2486 3490 maioris

202 3524 293 3577 vel
332 3524 560 3577 minoris
614 3525 785 3594 partis
826 3524 1233 3595 Episcoporum
1288 3543 1559 3578 assensus.
1639 3524 1783 3577 Nam
1838 3524 1959 3594 quis
2011 3529 2216 3578 statuet
2266 3523 2485 3576 illorum

203 3609 538 3661 numerum?
609 3608 745 3670 Quis
786 3608 955 3662 faciet
997 3609 1306 3677 delectum,
1362 3628 1487 3663 cum
1527 3610 1793 3681 Episcopi
1833 3610 1978 3662 inter
2019 3627 2077 3663 se
2117 3608 2219 3662 sub
2260 3609 2364 3661 hoc
2403 3624 2486 3660 re-

203 3700 397 3764 spectu
440 3695 549 3746 sint
589 3695 814 3747 omnino
858 3712 1048 3765 113100,
1098 3700 1153 3748 01
1194 3713 1448 3748 assensus
1501 3694 1849 3766 quorundam
1901 3694 2147 3748 assensui
2190 3699 2244 3746 et
2285 3692 2484 3746 iudicio

202 3778 438 3831 aliorum
479 3797 590 3831 non
633 3780 805 3849 possit
846 3779 1271 3850 praeiudicare?
1338 3781 1427 3833 Ex
1469 3779 1761 3833 arbitrario
1803 3780 1906 3833 hoc
1948 3785 2277 3851 systemate,
2330 3794 2483 3849 prae—

206 3863 366 3934 cipue
409 3881 531 3916 cum
577 3870 775 3935 agatur
829 3866 896 3918 de
951 3883 1179 3918 assensu
1233 3865 1609 3936 subsequente
1664 3866 1779 3918 sive
1821 3865 1989 3918 tacito
2042 3866 2158 3918 sive
2201 3879 2482 3935 express0,

205 3954 338 4018 quot
377 3949 551 4002 fluant
592 3950 921 4018 anxietateS,
965 3950 1162 4003 turbae
1205 3956 1259 4004 et
1300 3950 1590 4019 scandala,
1633 3950 1862 4004 historia
1903 3952 2058 4004 testis
2100 3955 2209 4017 est3
2267 3947 2365 4002 sed
2404 3946 2483 3999 fa-
