2548 4290
256 104 323 156 78
371 97 375 103 ’
463 104 576 145 Pars
608 103 644 143 Ι.
700 101 853 144 Const.
889 102 944 143 de
976 101 1076 142 fide.
1143 100 1255 156 Cap.
1288 101 1369 141 ΙΙΙ.
1426 101 1534 155 Ipsa
1568 99 1763 142 Constit.
1798 113 1900 142 cum
1935 100 2327 143 adnotationibus.

249 249 430 320 ipsum
470 267 532 304 ac
573 256 802 301 aeterna
841 247 1143 300 voluntatis
1184 264 1314 299 suae
1358 245 1584 299 decreta
1617 246 1858 300 humano
1901 247 2094 317 generi
2136 247 2405 315 revelare,
2450 247 2529 300 di-

250 340 407 389 cente
436 333 737 404 Apostolo:
780 332 1162 398 Multifariam,
1205 331 1503 402 multisque
1532 331 1709 384 modis
1740 332 1872 385 olim
1897 331 2052 385 Deus
2093 332 2326 402 loquens
2360 333 2529 404 patri-

250 419 350 473 bus
391 420 447 471 in
486 418 810 489 Prophetis:
865 418 1180 485 novissime,
1222 416 1417 469 diebus
1458 416 1575 468 istis
1616 417 1831 470 locutus
1874 423 1956 471 est
1995 417 2154 470 nobis
2195 417 2252 470 in
2292 417 2434 471 Filio
2462 419 2527 488 ²²).

398 502 495 573 [2.]
536 503 685 556 Huic
728 504 950 556 divinae
991 502 1322 556 revelationi
1364 501 1721 554 tribuendum
1766 503 1990 573 quidem
2030 508 2128 569 est,
2171 507 2233 555 ut
2259 520 2340 571 ea,
2385 521 2526 574 quae

248 590 304 641 in
344 588 510 642 rebus
551 588 751 641 divinis
791 588 1068 641 humanae
1110 588 1312 640 rationi
1347 605 1446 657 per
1487 604 1544 640 se
1574 587 1848 658 impervia
1888 606 2000 641 non
2041 593 2169 640 sunt
2194 587 2229 654 ¹,
2271 588 2327 640 in
2369 606 2527 659 prae-

247 675 389 728 senti
430 692 650 745 quoque
692 675 913 745 generis
954 673 1184 726 humani
1226 673 1545 725 conditione
1588 672 1656 725 ab
1700 671 1994 726 omnibus2
2035 673 2327 743 expedite,
2369 673 2526 728 firma

246 760 579 813 certitudine
621 765 676 813 et
717 760 868 812 nullo
910 759 1160 812 admixto
1205 776 1392 811 errore
1423 759 1682 828 cognosci
1725 760 1937 827 possint
1960 758 1996 814 3.
2052 760 2179 813 Non
2210 759 2311 813 hac
2339 763 2526 813 tamen

392 926 442 987 a)
480 927 639 974 Hebr.
680 928 721 986 1,
766 927 906 972 1-2,

244 1059 421 1101 utrum
461 1052 875 1114 supernaturalis
914 1050 1132 1098 elevatio
1173 1054 1310 1098 esset
1346 1066 1519 1097 merus
1555 1049 1773 1097 effectus
1810 1051 2074 1111 bonitatis,
2114 1067 2178 1099 an
2217 1052 2524 1115 requisitum

244 1131 530 1193 sapientiae
568 1130 678 1177 Dei.
751 1128 1179 1188 (Emendationes
1229 1133 1324 1176 etc.
1398 1126 1454 1175 O.
1493 1128 1556 1176 V.
1599 1127 1771 1186 1210.)
1842 1128 2144 1191 Respondet
2184 1130 2525 1193 Brixinensls,

243 1225 400 1271 quum
438 1211 625 1270 agatur
663 1208 725 1255 de
762 1208 900 1255 facto
928 1205 1261 1255 revelationis
1289 1205 1351 1254 V.
1391 1210 1442 1254 et
1477 1206 1541 1254 N.
1569 1206 1909 1268 Testamenti,
1950 1223 2082 1270 quae
2119 1213 2260 1256 certo
2293 1213 2345 1256 et
2380 1209 2525 1259 boni-

245 1287 337 1334 tati
377 1290 427 1333 et
481 1285 768 1348 sapientiae
817 1285 1020 1333 divinae
1070 1284 1404 1334 attribuenda
1453 1284 1545 1344 sit,
1599 1285 1923 1347 propositum
1962 1285 2013 1332 in
2050 1285 2220 1333 locum
2257 1301 2361 1335 non
2399 1302 2523 1349 qua-

240 1364 406 1412 drare.
480 1363 701 1423 (Relatio
742 1367 838 1411 etc.
910 1362 965 1411 O.
1003 1362 1066 1409 V.
1110 1364 1202 1409 133
1219 1378 1261 1410 0.
1332 1360 1412 1410 Of.
1448 1362 1570 1411 ibid.
1609 1364 1705 1410 225
1723 1378 1767 1410 a.
1806 1364 1901 1410 235
1920 1362 1987 1422 d.)

385 1440 401 1469 ¹
440 1442 515 1489 Ea
539 1442 696 1489 latius
716 1445 913 1504 patent,
943 1457 1095 1504 quam
1117 1456 1250 1503 quae
1277 1441 1328 1488 in
1354 1441 1684 1488 antecedenti
1711 1441 2037 1504 paragrapho
2057 1442 2286 1489 naturali
2304 1442 2519 1490 rationis

238 1521 496 1569 humanae
531 1520 725 1567 lumine
764 1519 1005 1581 cognosci
1041 1535 1193 1582 posse
1232 1519 1493 1567 dicuntur.
1558 1518 1738 1567 Voluit
1776 1534 1910 1567 unus
1949 1535 2013 1567 ex
2051 1519 2294 1567 Patribus
2331 1520 2383 1567 in
2421 1521 2520 1569 dis-

238 1600 476 1647 cussione
512 1598 742 1661 generali
780 1597 1207 1657 (Emendationes
1246 1600 1343 1644 etc.
1396 1595 1452 1644 O.
1490 1596 1552 1644 V.
1597 1598 1688 1644 122
1705 1596 1770 1657 0),
1809 1597 1920 1645 1000
1965 1613 2127 1659 „quae
2165 1599 2216 1646 in
2252 1599 2408 1646 rebus
2448 1600 2520 1647 di-

238 1673 399 1723 vinis“
443 1692 507 1724 ex
543 1675 762 1737 pristino
802 1675 1062 1722 schemate
1103 1675 1165 1722 de
1203 1674 1441 1722 doctrina
1468 1674 1727 1723 catholica
1763 1675 1924 1737 recipi
1954 1691 2116 1738 „quae
2144 1676 2205 1723 de
2231 1676 2339 1724 Deo
2379 1679 2429 1724 et
2456 1677 2517 1725 de

234 1755 350 1817 lege
397 1750 674 1802 naturali“.
747 1753 984 1813 (Schema
1037 1758 1132 1801 etc.
1205 1752 1259 1801 O.
1308 1751 1371 1801 V.
1410 1752 1594 1811 5091).)
1668 1753 1729 1800 Id
1767 1757 1976 1801 recusat
2014 1754 2311 1816 deputatiO,
2367 1755 2519 1816 „quia

237 1832 407 1880 studio
458 1832 724 1894 expressio
762 1832 861 1880 ista
902 1832 970 1889 ‚in
1007 1832 1163 1880 rebus
1202 1828 1406 1879 divinis‘
1456 1832 1556 1880 fuit
1593 1836 1889 1895 assumpta,
1937 1835 1997 1879 ut
2044 1833 2188 1880 notio
2227 1832 2517 1896 paullulum

235 1909 390 1958 latior
425 1908 728 1957 habeatur“.
790 1909 1014 1970 (Relatio
1052 1915 1149 1957 etc.
1212 1908 1267 1956 O.
1305 1908 1368 1957 V.
1410 1912 1500 1956 13ss
1518 1909 1586 1968 b.)
1627 1937 1689 1943 —-
1729 1909 2100 1972 Intelliguntur
2149 1910 2399 1958 veritates
2436 1927 2514 1959 re-

235 1988 450 2052 ligiosae
490 1992 539 2036 et
576 1988 797 2036 morales
834 1988 1120 2036 naturales.
1174 1986 1363 2035 Omnes
1401 1992 1576 2036 tamen
1612 1988 1863 2036 veritates
1899 1989 2167 2037 naturales
2204 1988 2516 2051 (religiosas)

234 2068 492 2115 humanae
528 2066 718 2114 rationi
754 2082 846 2129 per
883 2082 936 2114 se
973 2066 1178 2129 pervias
1217 2081 1329 2114 esse
1367 2082 1470 2114 non
1507 2066 1772 2125 affirmari,
1812 2067 1936 2115 dicit
1974 2066 2312 2115 Brixinensis.
2362 2067 2516 2127 (Ibic‘.

235 2144 292 2193 O.
332 2144 395 2192 V.
435 2143 616 2203 2391).)

385 2223 400 2249 ²
434 2223 513 2270 Ne
550 2238 686 2269 nunc
727 2221 960 2284 quidem,
1006 2222 1146 2269 facta
1184 2222 1528 2281 revelatione,
1566 2222 1653 2269 illa
1692 2223 1863 2270 omnia
1899 2224 1962 2271 ab
2003 2223 2272 2283 omnibus,
2310 2222 2412 2271 imo
2450 2223 2513 2270 al)

236 2301 342 2348 ullo
380 2301 588 2348 homine
629 2299 917 2362 „expedite,
956 2299 1105 2347 firma
1142 2301 1456 2348 certitudine
1495 2305 1546 2348 et
1582 2300 1725 2347 nullo
1754 2300 1984 2348 admixto
2024 2298 2229 2348 errore“
2272 2301 2515 2362 cognosci

232 2382 463 2441 possunt.
535 2378 794 2426 Beneficio
844 2378 1179 2427 revelationis
1228 2377 1564 2427 tribuendum
1618 2383 1726 2439 est,
1777 2382 1835 2426 ut
1870 2379 1989 2440 illa,
2043 2379 2094 2426 id
2145 2378 2283 2441 quod
2330 2394 2422 2442 per
2460 2394 2514 2426 so

235 2457 673 2518 subintelligitur,
722 2458 1023 2504 convenienti
1068 2457 1288 2519 quadam
1336 2473 1565 2505 mensura
1615 2458 1680 2506 ab
1721 2458 1957 2506 omnibus
2009 2458 2251 2520 cognosci
2297 2458 2513 2521 possint.

234 2535 295 2583 Id
333 2549 636 2597 expressum
686 2537 797 2581 erat
833 2534 885 2581 in
922 2534 1085 2597 primo
1138 2535 1400 2584 schemate
1449 2536 1511 2583 de
1551 2535 1786 2583 doctrina
1839 2535 2095 2583 catholica
2130 2535 2302 2585 verbis
2343 2535 2513 2597 „suffi-

233 2613 391 2661 cienti
427 2610 816 2675 amplitudine“.
888 2612 1125 2672 (Schema
1162 2617 1259 2662 etc.
1331 2613 1385 2662 O.
1424 2613 1487 2661 V.
1525 2613 1708 2673 5091).)

384 2689 399 2717 ³
437 2690 759 2737 Brixinensis
808 2691 860 2737 in
897 2691 1153 2739 relatione
1192 2692 1294 2739 ait:
1351 2730 1391 2752 „.
1432 2729 1442 2740 .
1481 2729 1491 2740 .
1532 2692 1749 2740 docetur
1797 2691 2085 2739 necessitas
2125 2691 2333 2739 moralis
2371 2707 2502 2740 reve-

231 2768 439 2816 lationis
478 2768 707 2828 divinae,
747 2769 777 2816 i.
818 2784 859 2816 e.
896 2770 1210 2831 necessitas,
1252 2786 1384 2832 quae
1422 2786 1523 2817 non
1563 2785 1617 2817 se
1653 2770 1812 2817 habet
1850 2785 1916 2816 ex
1951 2773 2101 2832 parte
2139 2769 2355 2830 obiecti,
2393 2785 2503 2817 nan

233 2862 297 2894 ex
332 2850 480 2909 parte
519 2846 709 2893 obiecti
745 2847 919 2908 agitur
958 2847 1020 2894 de
1056 2847 1146 2909 iis,
1202 2863 1335 2909 quae
1372 2848 1423 2895 in
1460 2849 1616 2898 rebus
1665 2847 1850 2896 divinis
1899 2848 2157 2895 humanae
2195 2846 2386 2895 rationi
2422 2847 2505 2895 im-

230 2924 408 2986 pervia
442 2939 547 2971 non
585 2927 733 2986 sunt,
784 2925 874 2972 sed
922 2925 1098 2987 agitur
1134 2925 1198 2973 de
1235 2927 1579 2987 necessitate,
1636 2941 1768 2989 quae
1819 2942 1872 2973 se
1909 2926 2067 2974 habet
2105 2940 2169 2973 ex
2205 2928 2354 2987 parte
2393 2926 2506 2974 sub-

230 3001 377 3061 iecti,
426 3001 458 3049 i.
495 3017 537 3048 e.
575 3001 797 3048 hominis
835 3003 886 3048 in
922 3003 1186 3065 praesenti
1238 3018 1445 3066 quoque
1483 3004 1688 3065 generis
1725 3003 1938 3051 humani
1987 3002 2299 3051 conditione.
2338 3040 2348 3050 .
2389 3040 2398 3050 .
2459 3002 2507 3051 Si

230 3082 418 3140 agatur
456 3093 578 3140 ergo
629 3079 691 3126 de
740 3080 1037 3141 cognitione
1085 3081 1314 3128 naturali
1363 3082 1557 3129 actuali
1594 3083 1645 3129 in
1693 3082 1806 3130 istis
1852 3080 2281 3141 circumstantiis,
2334 3084 2413 3128 tot
2451 3096 2507 3130 ac

230 3160 409 3205 tantae
443 3157 779 3206 difficultates
816 3159 1024 3220 homini,
1065 3165 1223 3222 prout
1259 3176 1395 3208 nunc
1434 3166 1528 3222 est,
1568 3162 1911 3222 obiiciuntur,
1951 3164 2008 3208 ut
2045 3159 2295 3207 revelatio
2334 3174 2510 3222 super·

229 3236 484 3284 naturalis
523 3236 623 3284 dici
658 3236 822 3297 possit
857 3238 1125 3286 moraliter
1160 3236 1500 3287 necessaria.“
1576 3239 1802 3298 (Relatio
1842 3243 1938 3287 etc.
1988 3237 2042 3286 O.
2082 3238 2144 3286 V.
2187 3235 2362 3297 135a.)
2432 3237 2509 3285 De

231 3314 409 3361 eadem
446 3328 502 3361 re
539 3313 804 3375 explicatu
840 3330 943 3361 non
982 3318 1088 3362 tam
1113 3315 1255 3362 facili
1280 3316 1407 3363 haec
1434 3316 1628 3364 habent
1655 3317 1884 3379 theologi
1909 3317 1962 3363 in
1988 3314 2416 3363 adnotationibus
2443 3314 2507 3362 ad

231 3392 438 3439 schema
463 3391 525 3439 de
552 3391 788 3439 doctrina
815 3392 1075 3440 catholica
1103 3393 1180 3453 (O.
1208 3393 1270 3441 V.
1298 3395 1394 3441 524
1409 3394 1487 3453 d):
1530 3394 1775 3455 „Praeter
1801 3395 2045 3457 dogmata
2073 3392 2505 3456 supernaturalia,

231 3470 293 3518 de
321 3470 508 3532 quibus
533 3470 788 3518 hactenus
817 3470 1010 3519 dictum
1038 3476 1132 3532 est,
1160 3472 1212 3518 in
1238 3472 1556 3520 revelatione
1578 3472 1964 3535 supernaturali
1991 3472 2324 3519 continentur
2349 3470 2504 3518 etiam

227 3548 477 3596 veritates
515 3549 579 3595 ad
605 3548 769 3596 Deum
811 3553 862 3596 et
898 3550 961 3597 ad
989 3549 1157 3611 legem
1182 3551 1476 3598 naturalem
1504 3555 1815 3613 spectantes,
1854 3566 1987 3612 quae
2015 3566 2109 3611 per
2132 3566 2182 3598 se
2210 3556 2414 3611 possunt
2440 3564 2506 3596 ex

226 3626 455 3674 naturali
480 3641 688 3689 quoque
707 3626 803 3673 Dei
828 3626 1248 3674 manifestatione
1277 3628 1533 3689 cognosci.
1575 3627 1692 3675 Non
1720 3632 1891 3690 potest
1918 3643 2040 3689 ergo
2070 3627 2135 3675 ad
2154 3626 2503 3690 cognitionem

225 3703 523 3752 huiusmodi
552 3705 834 3753 veritatum
872 3705 1122 3752 affirmari
1162 3708 1448 3755 necessitas
1475 3707 1698 3755 absoluta
1723 3707 2158 3755 manifestationis
2198 3712 2505 3769 supernatu-

226 3782 349 3830 ralis
375 3786 467 3830 aut
491 3783 850 3845 revelationis,
891 3783 932 3830 si
958 3784 1198 3831 nimirum
1225 3800 1329 3832 non
1357 3786 1418 3833 de
1444 3785 1596 3833 modo
1625 3785 1952 3846 cognitionis,
1992 3785 2083 3832 sed
2109 3785 2275 3833 solum
2303 3784 2364 3831 de
2390 3783 2502 3846 ipsa

228 3860 521 3922 cognitione
557 3861 609 3909 in
646 3877 701 3908 se
726 3861 916 3923 agitur.
967 3860 1215 3909 Attamen
1242 3878 1335 3924 pro
1362 3878 1553 3925 genere
1579 3863 1806 3911 humano
1833 3863 1885 3910 in
1914 3863 2178 3925 praesenti
2202 3861 2499 3910 conditione

225 3937 291 3986 ad
314 3938 407 3986 has
433 3938 680 3987 veritates
707 3939 881 3987 debito
908 3943 1158 4002 tempore,
1199 3940 1477 3989 sufficienti
1505 3941 1744 3989 claritate
1772 3945 1821 3989 et
1849 3942 2002 4003 plena
2031 3941 2357 4001 certitudine,
2387 3940 2498 3987 sine
