2548 4290
270 150 515 193 Comment.
547 146 625 187 IV.
681 146 750 186 De
782 149 968 198 peccato
1003 142 1268 184 defectionis
1303 154 1328 181 a
1358 141 1445 182 fide
1478 141 1550 181 vel
1583 140 1880 181 dubitationis
1913 138 1968 178 de
1999 150 2063 178 ea.
2203 136 2270 187 65

66 300 332 367 putamusi,
370 290 427 342 id
454 319 519 326 -
547 288 591 340 si
631 288 804 339 solum
843 303 1099 353 canonem,
1137 302 1246 337 non
1285 301 1415 336 vero
1455 289 1607 352 caput
1644 284 1960 352 respicimus
1987 311 2055 320 ——
2083 299 2275 333 verum

65 396 195 444 esse,
222 393 386 445 quum
408 391 573 438 error,
603 371 693 440 qui
713 370 971 432 reiicitur,
999 369 1178 421 verbis
1205 368 1351 437 ipsis,
1381 367 1574 436 quibus
1598 367 1938 435 exprimitur,
1966 366 2274 418 notissimus

65 459 335 514 Hermesii
375 474 553 521 error,
610 453 871 506 offeratur
894 451 927 505 ¹.
1006 452 1114 505 Sed
1155 452 1363 503 etiamsi
1406 468 1800 520 supponamuS,
1841 467 2048 502 canone
2087 449 2142 500 id
2183 448 2276 499 do-

63 544 185 609 ceri,
224 557 486 610 negamus
524 543 721 604 tamen,
763 554 825 588 eo
868 535 1112 587 damnari
1141 535 1465 587 doctrinam:
1506 532 1780 585 hominem
1820 534 2142 585 catholicum
2184 532 2277 583 ali-

65 626 277 698 quando
316 625 392 675 ita
430 624 484 674 in
524 621 704 689 aliquo
746 636 929 671 errore
968 618 1270 671 invincibili
1297 616 1503 668 versari
1542 633 1716 684 posse,
1755 621 1830 681 ut,
1872 616 1914 667 si
1944 616 2009 667 de
2048 616 2277 668 veritate

63 727 189 762 suae
243 706 520 775 religionis
574 721 764 755 verum
815 702 1038 754 dubium
1090 701 1370 765 admittat,
1429 699 1603 751 solum
1661 698 2015 750 materialiter
2069 704 2277 766 peccet.

63 793 203 846 Nam
239 792 341 843 hac
383 787 628 841 doctrina
679 803 789 838 non
828 785 1113 850 asseritur,
1168 784 1443 835 hominem
1493 783 1547 833 in
1593 782 1699 833 illis
1750 782 2164 833 circumstantiis
2203 781 2281 834 ob-

61 877 220 929 iective
268 873 394 925 licite
441 870 725 922 admittere
768 868 1022 933 dubium,
1075 866 1170 918 sed
1220 884 1344 918 eum
1393 870 1616 936 propter
1673 882 1911 916 errorem
1966 865 2201 916 excusari
2250 882 2281 915 a

64 960 238 1028 culpa,
280 955 407 1007 dum
448 954 627 1017 faciat,
669 951 812 1021 quod
851 951 1032 1003 facere
1071 967 1172 1002 non
1211 950 1333 1002 licet.

208 1039 313 1092 Sed
353 1038 524 1089 multo
566 1037 740 1087 minus
787 1036 921 1087 haec
962 1034 1232 1086 sententia
1272 1051 1336 1085 ea
1374 1032 1549 1084 forma
1600 1032 1820 1084 canonis
1872 1033 2280 1098 condemnatur,

63 1143 167 1195 qua
215 1123 434 1175 tandem
485 1139 515 1173 a
556 1120 799 1172 Concilio
851 1119 1182 1188 approbatus
1233 1122 1287 1169 et
1336 1118 1571 1169 sancitus
1624 1121 1720 1168 est.
1798 1116 2091 1186 Proposuit
2136 1118 2280 1169 enim

65 1225 201 1261 unus
241 1224 310 1258 ex
350 1204 602 1256 Patribus
652 1204 706 1254 in
747 1202 1186 1271 Congregatione
1238 1200 1509 1269 generali,
1564 1206 1622 1250 ut
1672 1199 1727 1250 in
1780 1217 1985 1251 canone
2026 1200 2146 1252 loco
2193 1207 2283 1266 „ut

64 1291 249 1344 fideles
300 1287 550 1340 catholici
600 1288 728 1338 licite
779 1287 983 1355 possint
1037 1285 1196 1335 fidem
1242 1327 1251 1336 .
1294 1326 1304 1337 .
1348 1326 1358 1336 .
1400 1285 1454 1335 in
1507 1283 1732 1334 dubium
1776 1284 2004 1335 vocare“
2052 1290 2284 1352 ponatur

73 1380 162 1440 „ut
199 1372 387 1424 fideles
427 1370 677 1422 catholici
716 1387 887 1421 veram
917 1375 959 1420 et
999 1370 1184 1420 iustam
1224 1384 1432 1418 causam
1472 1367 1652 1417 habere
1691 1367 1896 1435 possint
1936 1364 2129 1417 etc.“2.
2187 1366 2285 1419 Ca-

66 1474 206 1510 none
246 1457 344 1507 hac
383 1454 557 1506 forma
596 1453 873 1506 enuntiato
915 1457 1061 1504 certe
1103 1469 1206 1502 non
1250 1450 1560 1502 excluditur
1600 1451 1895 1513 sententia,
1952 1450 2069 1501 fieri
2108 1469 2283 1519 posse,

67 1547 127 1593 ut
163 1540 350 1592 fideles
390 1538 657 1601 catholici,
697 1538 825 1589 licet
863 1554 1048 1588 veram
1090 1541 1142 1587 et
1180 1536 1375 1586 iustam
1405 1552 1621 1586 causam
1662 1552 1768 1585 non
1810 1534 2061 1598 habeant,
2102 1540 2286 1587 tamen

23 1659 25 1661 >
68 1625 181 1677 sine
220 1630 443 1691 peccato
483 1621 698 1674 formali
724 1621 883 1672 fidem
924 1620 979 1671 in
1019 1619 1242 1670 dubium
1281 1623 1492 1682 vocent,
1540 1635 1611 1669 sc.
1654 1618 1720 1669 ob
1751 1635 1989 1669 errorem
2030 1619 2284 1686 aliquem,

71 1725 174 1777 quo
227 1706 489 1758 laborant.
568 1705 685 1756 Iam
725 1704 820 1755 illa
871 1703 1179 1756 emendatio
1232 1702 1531 1753 secundum
1582 1718 1799 1752 sensum
1850 1721 1881 1754 a
1921 1701 2165 1754 Concilio
2205 1721 2287 1755 re-

71 1796 228 1860 cepta
267 1796 360 1841 est.
427 1788 835 1839 Animadvertit
875 1787 1019 1838 enim
1062 1786 1527 1837 Paderbornensis
1567 1785 1785 1837 nomine
1826 1785 2194 1854 deputationis
2233 1788 2288 1838 in

70 1871 397 1926 relatione3:
455 1872 645 1936 „Quod
685 1872 752 1922 ad
793 1872 932 1922 hanc
973 1870 1409 1922 emendationem
1450 1869 1698 1936 pertinet,
1741 1871 1949 1921 censuit
1989 1870 2287 1940 deputatio,

71 1957 194 2009 huic
233 1955 673 2008 satisfaciendum
714 1972 828 2006 esse
871 1971 992 2005 cum
1032 1954 1130 2004 hac
1172 1971 1339 2022 parva
1379 1952 1804 2019 modificatione,
1856 1959 1916 2004 ut
1953 1972 2060 2005 vox
2105 1972 2289 2021 veram,

73 2058 230 2110 quam
282 2041 534 2109 proponit
573 2039 758 2090 Illffius
811 2043 1024 2107 auctor,
1078 2039 1382 2101 omittatur,
1437 2053 1557 2087 cum
1609 2054 1795 2087 sensus
1847 2037 2005 2088 huius
2047 2038 2193 2089 vocis
2233 2040 2288 2090 in

71 2141 203 2177 voce
251 2125 440 2175 iustam
489 2123 595 2174 iam
645 2123 1003 2174 contineatur.
1081 2122 1305 2172 Placeat
1356 2121 1520 2188 igitur
1563 2120 1743 2181 vobiS,
1796 2120 1915 2171 Rffii
1958 2121 2177 2187 PatreS,
2232 2130 2291 2174 ut

73 2225 170 2278 pro
209 2224 380 2259 veram
427 2213 471 2258 et
508 2208 695 2258 iustam
736 2211 969 2275 ponatur
1020 2205 1336 2274 simpliciter
1378 2206 1564 2255 iustam
1620 2221 1828 2255 musam
1866 2205 2092 2256 laccbcre.“
2174 2207 2289 2258 Iam

74 2290 129 2342 id
169 2290 392 2341 Patrum
433 2289 705 2357 suffragiis
745 2289 1031 2357 probatum
1074 2293 1153 2339 est
1174 2288 1209 2339 ²⁴.

220 2373 378 2434 Quod
430 2379 611 2424 autem
653 2373 718 2423 dc
758 2390 992 2435 canone,
1044 2371 1100 2422 id
1141 2372 1302 2423 etiam
1355 2370 1420 2421 de
1473 2371 1649 2439 capite
1700 2372 1873 2437 valet,
1924 2390 2087 2441 quum
2131 2375 2184 2425 in
2227 2393 2290 2426 eo

77 2455 267 2508 eadem
320 2456 488 2508 verba
544 2461 898 2524 usurpentur:
954 2455 1141 2508 fideles
1194 2454 1445 2506 catholici
1501 2454 1738 2518 „nullam
1793 2473 2031 2524 unquam
2089 2458 2291 2511 habere

76 2546 296 2609 possunt
322 2540 515 2590 iustam
545 2556 760 2591 causam
789 2538 1034 2590 mutandi
1062 2543 1155 2590 aut
1183 2539 1234 2588 in
1259 2538 1482 2589 dubium
1504 2537 1664 2588 fidem
1690 2538 1919 2589 eandem
1946 2542 2290 2595 revocandi“.

223 2738 237 2764 1
275 2738 474 2785 Clarius
521 2739 570 2785 id
606 2742 747 2799 patet
785 2755 848 2785 ex
886 2740 1215 2786 adnotatione
1267 2738 1508 2784 schemati
1559 2738 1618 2784 (le
1656 2738 1888 2785 doctrina
1924 2741 2174 2788 catholica
2210 2744 2295 2790 ad-

75 2813 230 2861 iecta:
286 2814 597 2873 „Haereseos
635 2815 904 2861 damnatur
942 2830 1113 2874 error,
1152 2819 1404 2875 quatenus
1442 2814 1610 2875 quoad
1645 2814 1933 2861 firmitatem
1974 2821 2024 2864 et
2061 2822 2296 2865 constan-

77 2888 198 2935 tiam
235 2904 472 2936 assensus
510 2894 560 2937 et
598 2891 764 2951 quoad
800 2891 1243 2950 independentiam
1291 2890 1534 2937 examinis
1572 2905 1676 2950 par
1722 2905 1815 2936 esse
1866 2891 2052 2939 dicitur
2088 2895 2294 2941 conditio

64 2965 289 3025 fidelium
328 2972 368 3012 et
405 2982 582 3026 eorum,
620 2968 705 3027 qui
737 2968 804 3013 acl
829 2968 981 3026 fidem
1006 2969 1141 3013 unice
1169 2982 1331 3013 veram
1356 2967 1566 3013 nondum
1585 2974 1932 3026 pervenerunt;
1970 2973 2018 3015 et
2045 2974 2295 3031 quatenus

77 3045 347 3102 propterea
383 3043 585 3103 dicitur,
622 3043 897 3090 universim
933 3043 1107 3090 fideles
1134 3043 1410 3089 catholicos
1436 3043 1572 3090 licite
1608 3059 1755 3104 posse
1791 3043 1841 3089 in
1869 3044 2075 3092 dubium
2112 3062 2295 3095 vocare

78 3122 165 3165 aut
200 3119 509 3179 suspendere
545 3134 684 3166 suam
723 3119 887 3178 fidem,
926 3134 1076 3181 quam
1115 3123 1230 3166 ante
1269 3119 1597 3167 scientificum
1636 3135 1847 3167 examen
1884 3121 1976 3167 sub
2004 3123 2295 3183 magisterio

78 3193 334 3241 Ecclesiae
371 3200 729 3256 susceperunt,
766 3196 838 3242 ita
874 3199 931 3242 ut
968 3197 1029 3242 ab
1061 3197 1156 3243 hoc
1194 3185 1536 3257 subsequente
1575 3196 1805 3243 examine
1841 3197 2058 3257 pendere
2097 3200 2295 3259 debeat,

20 3301 25 3305 -
77 3275 248 3317 utrum
282 3270 406 3318 fides
443 3272 692 3318 catholica
729 3273 800 3318 eis
826 3272 1090 3318 retinenda
1117 3288 1180 3319 an
1205 3273 1481 3320 reiicienda
1507 3273 1597 3333 sit,
1635 3274 2057 3334 quemadmodum
2085 3275 2142 3322 G.
2171 3277 2297 3324 Her-

79 3360 183 3392 mes
218 3347 453 3393 hortatur
490 3347 787 3394 candidatos
824 3348 1110 3408 theologiae
1148 3351 1197 3395 et
1234 3353 1604 3410 consequenter
1643 3364 1815 3396 omnes
1853 3349 2029 3396 saltem
2071 3367 2171 3410 eos,
2213 3355 2297 3414 qui

82 3420 353 3467 scientifico
406 3422 625 3470 examini
662 3427 778 3469 sunt
824 3423 1019 3482 idonei,
1071 3426 1157 3483 ut,
1207 3423 1325 3469 dum
1360 3424 1412 3470 in
1461 3424 1790 3484 inquisitione
1826 3431 2122 3486 versantur,
2176 3443 2298 3489 erga

83 3497 307 3555 quamvis
345 3497 657 3558 religionem,
695 3514 754 3557 ,e.
779 3513 826 3559 g.
855 3498 1156 3545 catholicam
1184 3503 1274 3545 aut
1311 3497 1671 3559 christianam‘,
1709 3501 1911 3546 omnino
1948 3501 2299 3551 indifferenter

83 3588 134 3621 se
168 3575 406 3635 habeant,
444 3576 639 3637 sibique
676 3578 1033 3637 persuadeant,
1072 3580 1245 3624 sancte
1284 3592 1334 3623 se
1371 3593 1521 3638 agere
1558 3577 1833 3637 ,sequendo
1872 3578 2134 3637 rationem,
2177 3595 2299 3640 quo-

83 3663 282 3710 cunque
330 3651 527 3697 demum
579 3668 636 3698 ea
683 3650 984 3699 deduxerit‘.
1057 3651 1166 3706 Quo
1216 3653 1365 3700 etiam
1413 3668 1562 3699 sensu
1608 3652 1847 3699 damnata
1894 3657 1970 3699 est
2015 3654 2066 3700 in
2102 3654 2298 3715 Syllaho

82 3726 358 3786 propositio
383 3726 526 3773 XV.:
564 3727 819 3785 ,Liberum
856 3728 1038 3788 cuique
1064 3728 1255 3774 homini
1292 3732 1368 3775 est
1406 3744 1514 3775 eam
1552 3728 1790 3789 amplecti
1826 3744 1882 3775 ac
1919 3729 2147 3788 profiteri
2183 3734 2298 3779 reli-

84 3799 299 3860 gionem,
326 3817 474 3862 quam
500 3803 711 3849 rationis
735 3803 924 3850 lumine
950 3804 1062 3864 quis
1090 3804 1271 3851 ductus
1295 3820 1467 3851 veram
1493 3801 1813 3865 putaverit.‘“
1859 3803 1934 3861 (C.
1961 3805 2021 3852 V.
2049 3808 2143 3853 534
2162 3809 2208 3856 b.
2236 3808 2297 3866 c.)

225 3876 240 3902 ²
277 3877 669 3925 Emendationes
707 3884 798 3926 etc.
849 3879 903 3926 G.
941 3879 1002 3924 V.
1044 3881 1134 3926 164
1153 3895 1197 3927 a.
1335 3879 1350 3906 3
1389 3880 1442 3927 O.
1469 3880 1530 3927 V.
1562 3879 1696 3926 ised
1724 3895 1795 3940 sq.
1930 3879 1949 3906 4
1985 3882 2113 3930 Ibid.
2144 3886 2295 3930 191d.

172 3961 492 3999 Granderath‚
525 3964 684 3994 Constit.
708 3964 873 4003 dogmat.
1925 3973 1949 4000 O
