2548 4290
190 113 260 163 56
379 114 492 155 Pars
524 114 559 154 Ι.
618 112 772 155 Const.
808 113 865 154 de
886 112 998 155 fide.
1065 112 1177 167 Cap.
1212 112 1271 154 ΙΙ.
1328 111 1748 160 Commentationes
1783 111 1838 153 de
1870 112 2106 165 aliquibus
2137 112 2268 153 locis.

189 260 294 313 hoc
337 261 600 312 motivum
646 258 873 325 decreti,
916 265 970 311 et
1010 263 1135 329 post
1176 257 1279 311 hoc
1321 257 1590 310 motivum
1633 256 1786 309 venit
1826 256 2008 328 ipsum
2050 255 2369 324 decretum,
2415 261 2471 309 et

190 345 322 415 quid
363 344 746 412 contineturP)
798 343 1077 411 decernit,
1126 348 1185 395 ut
1236 361 1398 395 nemo
1453 359 1585 395 suae
1640 342 1971 413 prudentiae
2024 342 2249 395 innixus
2289 342 2346 395 in
2386 360 2471 395 re-

193 430 294 483 bus
336 430 468 483 fidei
510 435 565 483 et
605 448 820 483 morum
862 430 933 483 ad
975 429 1421 482 aedificationem
1464 427 1750 481 doctrinae
1803 428 2138 481 christianae
2189 428 2471 499 pertinen—

188 516 343 581 tium,
388 515 613 568 Sacram
641 515 987 586 Scripturam
1028 514 1097 566 ad
1141 532 1266 566 suos
1308 531 1501 566 sensus
1529 518 1919 583 contorquenS,
1962 518 2156 566 contra
2194 531 2321 566 eum
2349 531 2472 567 sen-

186 618 334 667 sum,
386 617 550 670 quem
592 600 773 653 tenuit
814 605 869 653 et
907 605 1062 653 tenet
1104 604 1294 652 sancta
1336 603 1512 651 mater
1553 597 1836 665 Ecclesia,
1895 598 2049 651 cuius
2103 603 2185 651 est
2225 597 2471 651 iudicare

187 685 254 738 de
297 703 429 738 vero
471 703 638 738 sensu
680 691 735 738 et
786 685 1248 756 interpretatione
1292 683 1705 755 Scripturarum
1758 690 2106 749 sanctarum,
2158 689 2254 737 aut
2302 683 2470 736 etiam

187 776 380 824 contra
419 772 738 823 unanimem
774 789 1105 825 consensum
1135 771 1384 836 Patruin,
1427 771 1603 840 ipsam
1646 768 1994 840 Scripturam
2038 769 2261 823 Sacram
2302 770 2470 822 inter—

185 857 395 927 pretari
436 857 676 910 audeat.‘

339 942 524 1012 „Ergo
567 941 854 995 decretum
898 942 1132 995 Concilii
1175 941 1493 994 Tridentini
1546 941 1760 994 duabus
1803 942 2071 1014 partibus
2097 946 2328 1007 constat,
2371 941 2470 994 sci>-

185 1026 315 1080 licet
373 1027 521 1098 quod
575 1046 738 1080 nemo
792 1027 998 1080 audeat
1040 1027 1267 1081 Sacram
1310 1027 1657 1098 Scripturam
1711 1033 2082 1098 contorquere
2133 1028 2192 1080 in
2247 1045 2469 1080 sensum

186 1130 345 1165 suum
388 1114 685 1183 privatum,
731 1119 785 1165 et
826 1113 975 1183 quod
1005 1114 1384 1183 unusquisque
1426 1118 1683 1165 teneatur
1714 1112 1941 1166 Sacram
1971 1113 2316 1183 Scripturam
2357 1130 2470 1165 nor.

185 1198 348 1251 aliter
400 1199 759 1270 interpretari
812 1217 978 1269 quam
1023 1199 1181 1252 iuxta
1232 1217 1455 1251 5011511111
1495 1198 1811 1266 Ecclesiae,
1862 1205 1917 1251 et
1957 1217 2065 1252 non
2109 1204 2304 1252 contra
2344 1216 2462 1251 con·

184 1302 407 1336 sensum
461 1285 726 1351 Patrnm,
785 1285 882 1338 sed
936 1285 1197 1338 adiuncta
1253 1290 1335 1337 est
1391 1284 1663 1338 conditio:
1732 1286 1787 1337 in
1839 1285 2005 1338 rebus
2058 1284 2190 1338 fidei
2246 1289 2302 1337 et
2358 1302 2465 1337 mo-

183 1387 305 1422 rum
347 1370 416 1422 ad
469 1370 911 1424 aedificationem
965 1370 1250 1424 doctrinae
1306 1370 1640 1424 christianae
1694 1371 2112 1441 pertinentium.
2191 1370 2342 1440 Ergo
2387 1387 2468 1423 re-

183 1456 393 1507 strictio
448 1456 544 1509 illa
596 1456 787 1527 utique
841 1456 908 1508 ad
964 1457 1205 1527 priorem
1262 1463 1477 1525 partem
1530 1474 1706 1527 aeque
1761 1457 2005 1526 pertinet
2056 1473 2120 1508 ac
2173 1455 2245 1509 ad
2286 1460 2469 1526 poste-

182 1542 415 1593 riorem:
475 1548 530 1594 et
584 1560 780 1612 reapse
835 1541 1049 1593 nullum
1090 1560 1285 1594 verum
1339 1542 1634 1594 discrimen
1687 1550 1769 1594 est
1818 1543 1961 1595 inter
2002 1541 2468 1595 Constitutionem

186 1626 557 1696 dogmaticam
600 1633 843 1679 nostram
890 1634 944 1680 et
995 1628 1140 1680 inter
1182 1627 1465 1680 decretum
1512 1627 1919 1681 Tridentinum.
1999 1627 2313 1681 Discrimen
2364 1627 2470 1681 hoc

183 1717 314 1764 tunc
358 1712 706 1766 solummodo
750 1713 968 1766 admitti
1011 1721 1198 1785 posset
1238 1714 1433 1766 saltem
1478 1714 1716 1784 quadam
1759 1716 1877 1767 veri
1918 1715 2120 1785 specie,
2149 1714 2206 1767 ·si
2236 1713 2471 1767 Triden-

186 1799 305 1851 tina
347 1799 520 1852 verba
568 1800 842 1868 ipsissima
895 1800 970 1852 sic
1023 1805 1317 1853 sonarent:
1371 1806 1667 1871 praeterea
1718 1799 1789 1853 ad
1839 1799 2148 1853 coercenda
2200 1800 2256 1852 in
2310 1799 2475 1853 rebus

182 1883 311 1936 fidei
355 1894 410 1937 et
450 1903 665 1937 morum
722 1886 792 1937 ad
844 1885 1291 1939 aedificationem
1346 1885 1633 1938 doctrinae
1686 1886 2016 1938 christianae
2070 1886 2468 1957 pertinentium

182 1970 494 2040 petulantia
546 1971 774 2040 ingenia
826 1970 1105 2039 decernit,
1158 1977 1220 2023 ut
1270 1989 1435 2023 nemo
1487 1970 1693 2023 audeat
1735 1970 2347 2042 Sacram'Scripturam
2402 1971 2469 2024 ad

182 2073 403 2107 sensum
447 2075 606 2109 suum
650 2062 1021 2128 contorquens
1052 2063 1244 2124 contra
1287 2076 1413 2110 011111
1443 2075 1663 2110 5011511111
1709 2100 1719 2110 .
1764 2101 1775 2111 .
1821 2100 1831 2110 .
1874 2057 2250 2128 interpretari.
2319 2057 2469 2129 Ergo

183 2141 226 2192 si
269 2142 543 2195 restrictio
585 2143 681 2195 illa
722 2161 919 2196 revera
960 2143 1015 2195 in
1047 2143 1378 2195 Tridentino
1421 2148 1770 2213 transumpta
1811 2142 2008 2195 fuisset
2049 2143 2120 2195 ad
2162 2143 2471 2197 coercenda

181 2227 496 2297 petulantia
537 2228 781 2298 ingenia,
824 2234 955 2281 tunc
985 2230 1178 2299 utique
1220 2229 1408 2298 aliqua
1437 2229 1631 2281 saltem
1675 2229 1793 2281 veri
1827 2229 2041 2300 species
2069 2228 2305 2283 adesset.
2360 2229 2471 2283 Sed

184 2330 351 2382 quum
396 2331 594 2385 reapse
638 2315 773 2367 haec
825 2315 1100 2368 restrictio
1143 2314 1419 2368 referatur
1461 2314 1531 2367 ad
1572 2314 1725 2366 illam
1766 2321 1983 2386 partem
2027 2314 2263 2382 decreti,
2323 2317 2471 2386 quod

183 2416 346 2450 nemo
400 2399 627 2469 ingenio
682 2418 780 2452 suo
834 2401 1051 2468 privato
1094 2400 1385 2470 indulgeat
1436 2400 1491 2451 in
1535 2400 1955 2470 interpretanda
1997 2400 2316 2471 Scriptura,
2374 2402 2471 2455 sed

184 2483 331 2553 quod
360 2484 758 2554 interpretetur
787 2484 1060 2554 Sacra[m]
1086 2484 1478 2556 Scriptura[n1]
1510 2486 1667 2537 iuxta
1696 2503 1916 2538 sensum
1944 2484 2248 2553 Ecclesiae,
2280 2491 2333 2539 et
2361 2505 2472 2540 non

184 2574 377 2622 contra
417 2587 746 2623 consensum
793 2571 1042 2638 Patrum,
1085 2590 1280 2641 reapse
1324 2571 1620 2623 discrimen
1662 2571 1874 2623 nullum
1916 2571 2304 2625 intercedit.“¹

335 2655 594 2708 Dubitari
642 2662 791 2710 certe
843 2657 1061 2728 nequit,
1117 2659 1249 2728 quin
1291 2656 1460 2709 verba
1500 2657 1595 2709 illa
1641 2657 1729 2722 „in
1769 2656 1936 2709 rebus
1977 2657 2107 2710 fidei
2158 2663 2214 2711 et
2253 2677 2469 2712 morum

185 2738 254 2791 ad
298 2739 741 2794 aedificationem
786 2742 1071 2794 doctrinae
1124 2742 1455 2794 christianae
1495 2742 1931 2811 pertinentium“
1993 2741 2190 2795 eodem
2232 2761 2398 2796 sensu
2440 2763 2471 2797 a

183 2824 476 2893 Vaticano,
521 2845 628 2897 quo
671 2846 702 2879 a
745 2827 1092 2892 Tridentino,
1136 2828 1244 2880 sint
1284 2833 1567 2897 usurpata,
1617 2833 1783 2898 atque
1827 2827 1894 2880 ab
1938 2833 2176 2899 utroque
2220 2828 2470 2884 Concilio

184 2928 293 2962 non
348 2911 525 2964 solum
579 2917 759 2977 recte,
817 2913 915 2966 sed
970 2913 1137 2966 etiam
1190 2914 1472 2984 sapienter
1523 2913 1714 2966 addita
1765 2914 1890 2966 sint.
1972 2913 2106 2974 Quis
2163 2916 2471 2984 negaverit,

183 2997 413 3066 speciali
443 2996 552 3048 Dei
582 2998 933 3068 providentia
960 2999 1162 3051 sactum
1197 3017 1334 3065 esse,
1376 3003 1436 3049 ut
1464 2998 1662 3051 Patres
1692 2999 2007 3051 Tridentini
2036 2998 2268 3052 Concilii
2301 3001 2472 3055 verba

183 3081 281 3134 illa
311 3081 599 3149 adderent,
644 3102 811 3153 quum
841 3084 896 3135 hi
925 3084 1192 3154 suspicari
1221 3102 1331 3136 non
1359 3091 1603 3155 possent,
1643 3103 1805 3155 quam
1835 3084 2198 3138 vehementer
2225 3086 2469 3154 scientia,

185 3168 515 3237 praesertim
574 3170 805 3222 scientia
861 3170 1158 3234 naturalis,
1217 3170 1442 3223 Sacram
1496 3170 1868 3240 Scripturam,
1927 3170 2080 3222 cuius
2137 3170 2245 3224 loci
2299 3172 2471 3243 aliqui

186 3258 413 3323 propter
467 3271 555 3306 res
609 3255 890 3307 naturales
945 3274 977 3307 a
1027 3254 1311 3308 veteribus
1365 3273 1473 3307 non
1526 3256 1656 3308 satis
1709 3255 1958 3324 cognitas
2012 3274 2122 3308 non
2176 3255 2317 3309 bene
2373 3277 2469 3311 ex-

183 3336 373 3407 plicati
417 3345 608 3406 erant,
667 3345 811 3392 esset
853 3340 1225 3410 aggressura?
1285 3372 1348 3378 —
1403 3339 1494 3391 Ad
1552 3358 1616 3393 ea
1672 3339 1845 3392 verba
1903 3340 2239 3411 explicanda
2293 3360 2471 3412 pauca

186 3422 473 3476 addemus

337 3508 600 3578 Inprimis
642 3514 829 3579 patet,
890 3510 1054 3562 rebus
1106 3510 1235 3563 fidei
1289 3517 1344 3563 et
1390 3529 1606 3563 morum
1649 3528 1759 3562 non
1801 3511 2008 3581 opponi
2050 3529 2135 3565 res
2177 3512 2467 3566 historicas

184 3596 244 3644 ut
296 3593 453 3647 tales,
532 3593 757 3646 Etenim
800 3594 974 3646 multa
1015 3595 1244 3646 maximi
1296 3595 1561 3648 momenti
1617 3595 1881 3664 dogmata
1933 3602 2059 3647 sunt
2100 3596 2247 3650 facta
2299 3598 2466 3651 histo-

184 3678 330 3744 rica,
383 3684 444 3730 ut
495 3679 616 3749 ipsa
657 3679 861 3732 Christi
913 3681 968 3731 in
1023 3697 1186 3732 cruce
1240 3698 1414 3747 mors3
1467 3681 1577 3733 imo
1633 3680 1748 3733 fere
1803 3681 2008 3750 integri
2051 3682 2104 3735 S.
2147 3682 2465 3754 Scripturae

184 3762 313 3815 libri
355 3763 522 3816 rebus
568 3765 846 3817 historicis
889 3765 1271 3818 continentur:
1325 3765 1453 3818 libri
1493 3765 1739 3818 historici
1782 3765 1853 3817 V.
1896 3772 1950 3819 et
1990 3766 2059 3819 N.
2104 3767 2465 3823 Testamenti.

342 3949 354 3974 ¹
394 3949 601 3997 Relatio
644 3955 739 3999 etc.
814 3950 870 4000 C.
907 3951 969 3998 V.
1009 3952 1151 3998 ‘240a
1184 3966 1294 4013 sqq.
