2548 4290
210 91 312 142 190
378 93 492 134 Pars
524 92 583 133 ΙΙ.
642 91 796 133 Const.
832 91 887 133 de
919 91 1042 133 Eccl.
1106 90 1218 145 Cap.
1252 91 1310 131 Π.
1370 89 1786 132 Commentationes
1821 90 1877 132 de
1908 91 2146 145 aliquibus
2178 91 2308 134 locis.
2381 123 2383 125 -

204 238 367 291 modo
411 244 595 292 autem
635 238 679 290 is
721 237 944 291 efficere
986 239 1185 309 possit,
1233 244 1294 289 ut
1334 237 1488 290 Deus
1531 238 1698 290 etiam
1741 237 1903 290 alteri
1944 238 2173 308 speciali
2214 238 2309 291 illa
2349 239 2479 293 assi-

200 325 403 376 stentia
443 324 771 376 succurrat?

351 407 563 460 Verum
606 408 821 461 etiamsi
873 407 1242 460 infallibilitas
1282 409 1398 477 ipsa
1437 408 1494 459 in
1532 425 1582 460 se
1622 407 1911 461 transferri
1965 409 2189 479 nequit,
2248 425 2359 461 non
2397 426 2481 462 re·

201 498 413 561 pugnat
465 499 679 558 tamen,
739 510 863 545 eam
916 492 1205 546 transferri
1246 492 1460 545 ratione
1504 492 1762 560 alterius,
1819 512 1892 546 sc.
1934 494 2147 547 ratione
2187 510 2478 563 supremae

201 578 595 632 iurisdictionis
637 584 692 632 et
732 579 1021 650 potestatis
1063 578 1315 632 docendi.
1394 578 1472 630 Ut
1513 577 1658 630 infra
1699 578 2013 632 notabimus
2036 578 2070 645 1,
2120 579 2480 632 controverti-

200 667 317 729 tur,
374 669 560 715 utrum
605 664 713 717 duo
756 665 866 717 sint
906 664 1157 717 subiecta
1197 681 1492 734 supremae
1535 664 1824 734 potestatis
1865 664 2177 730 Ecclesiae,
2224 664 2480 718 Summus

199 747 467 801 Pontifex
509 757 563 802 et
603 754 781 802 totum
825 750 1122 820 collegium
1166 749 1569 820 Episcoporum
1612 767 1735 802 cum
1778 750 2005 804 Summo
2041 750 2311 803 Pontifice
2354 767 2480 803 con·

200 833 530 901 iunctorum,
561 854 630 887 an
661 854 828 888 unum
860 836 1055 903 solum,
1086 836 1345 889 Summus
1373 835 1658 890 PontifeX.
1707 835 1918 897 Quodsi
1948 854 2120 889 unum
2149 836 2326 889 solum
2356 835 2480 889 sub-

200 919 404 971 iectum
447 925 545 989 est,
588 920 846 974 Summus
877 921 1168 975 Pontifex:
1213 922 1271 973 in
1312 922 1416 974 hac
1458 922 1839 992 suppositione
1869 922 1974 988 hic,
2017 940 2141 974 cum
2172 920 2480 975 Concilium

198 1004 270 1057 ad
298 1023 612 1075 supremam
641 1012 974 1078 potestatem
1006 1026 1194 1061 secum
1225 1007 1601 1061 exercendam
1633 1013 1919 1075 convocat,
1949 1008 2257 1079 Episcopos
2281 1025 2481 1061 convo-

202 1096 351 1144 catos
392 1093 689 1164 participes
731 1094 861 1147 facit
902 1113 1013 1148 non
1055 1096 1232 1148 solum
1264 1111 1557 1166 supremae
1588 1095 1896 1165 potestatiS‚
1938 1096 2015 1148 ita
2041 1101 2102 1147 ut
2131 1112 2322 1148 omnes
2350 1112 2399 1148 v.
2428 1113 2481 1165 g.

199 1177 256 1228 in
299 1176 550 1232 doctrina
592 1179 911 1233 definienda
951 1198 1082 1234 vere
1124 1182 1179 1233 in
1222 1179 1461 1234 solidum
1502 1180 1755 1233 ultimam
1797 1191 1852 1233 et
1891 1180 2233 1233 definitivam
2262 1186 2482 1234 senten-

201 1262 333 1315 tiam
390 1282 511 1317 cum
557 1265 783 1319 Summo
826 1266 1099 1319 Pontifice
1156 1271 1424 1337 tanquam
1482 1266 1599 1319 veri
1642 1265 1852 1319 iudices
1906 1265 2120 1336 ferant,
2178 1265 2276 1319 sed
2316 1266 2483 1320 etiam

201 1349 497 1421 participes
538 1352 968 1406 infallibilitatiS.
1026 1353 1136 1406 Hic
1179 1354 1326 1406 enim
1368 1354 1486 1424 ipsc
1529 1353 1839 1405 sententiae
1884 1352 2149 1406 ferendae
2192 1357 2345 1405 actus
2373 1370 2484 1406 ser-

199 1435 414 1488 vandus
456 1443 538 1490 est
590 1438 658 1491 ab
701 1457 888 1492 errore
941 1440 1218 1492 immunis,
1301 1439 1466 1491 Hunc
1511 1444 1697 1492 autem
1748 1444 1931 1491 actum
1988 1456 2098 1492 non
2140 1438 2287 1492 solus
2328 1438 2484 1492 Sum-

200 1539 321 1574 mus
362 1522 655 1591 Pontifex,
710 1526 807 1579 sed
862 1544 1051 1579 omnes
1093 1525 1357 1596 Episcopi
1413 1543 1537 1577 cum
1591 1543 1656 1578 eo
1710 1532 1975 1595 tanquam
2028 1525 2208 1595 capite
2249 1525 2388 1577 uniti
2427 1525 2480 1577 ii

198 1607 437 1661 solidum
494 1618 776 1666 exercent.
858 1612 964 1673 Qui
1020 1613 1190 1682 igitur
1243 1611 1577 1664 sententiam
1631 1617 1967 1681 sequuntur,
2028 1616 2250 1664 exstare
2311 1628 2483 1663 unum

199 1694 378 1746 solum
433 1695 745 1748 subiectum
797 1715 1090 1768 supremae
1146 1697 1470 1767 potestatiS‚
1539 1696 1819 1749 affirment
1873 1696 2041 1749 etiam
2097 1713 2323 1750 necesse
2384 1710 2482 1764 631,

201 1799 372 1833 unum
414 1782 589 1834 solum
631 1783 837 1836 habere
880 1784 1235 1854 privilegium
1276 1782 1705 1849 infallibilitatis‚
1748 1782 1895 1853 quod
1937 1801 2048 1835 non
2089 1783 2270 1852 ipsum
2310 1783 2366 1835 in
2407 1800 2482 1850 sc,

200 1865 298 1919 sed
339 1868 552 1920 ratione
594 1887 887 1939 supremae
932 1870 1221 1941 potestatis
1264 1887 1386 1922 cum
1430 1869 1538 1922 alio
1582 1868 2036 1921 communicetur.

988 2056 1555 2111 COMMENTATIO
1597 2057 1700 2111 IX.

432 2185 537 2239 Quid
570 2199 595 2231 a.
630 2185 815 2232 Concilio
847 2187 1063 2233 Vaticano
1098 2188 1146 2233 de
1180 2187 1345 2232 obiecto
1378 2185 1717 2232 infallibilitatis
1749 2186 1994 2245 pontificiae
2029 2186 2249 2233 doceatur.

353 2305 671 2375 Theologos
726 2312 941 2359 constat
983 2307 1212 2373 docere⁷
1267 2306 1554 2360 Ecclesiae
1608 2306 1990 2376 magisterium
2039 2324 2151 2359 non
2206 2305 2383 2358 solum
2425 2303 2466 2356 ir

202 2390 267 2442 iis
308 2391 636 2444 veritatibus
679 2392 1056 2464 proponendis
1097 2393 1392 2445 infallibile
1435 2410 1571 2458 esse,
1615 2410 1756 2462 quae
1796 2410 1827 2444 a
1854 2391 1975 2444 Deo
2019 2392 2075 2443 in
2115 2408 2171 2443 se
2199 2390 2480 2443 revelata(>

204 2481 257 2528 et
300 2483 597 2548 propterea
637 2478 744 2531 fide
788 2479 975 2531 divina
1017 2478 1327 2531 credendae
1371 2484 1513 2544 sunt,
1556 2478 1652 2531 sed
1695 2479 1751 2530 in
1791 2479 1856 2531 iis
1899 2478 2093 2547 etiam,
2151 2495 2311 2549 quae,
2353 2477 2471 2530 licet

204 2563 357 2632 ipsae
400 2581 501 2616 nec
544 2565 808 2635 explicite
852 2583 952 2618 nec
981 2565 1248 2635 implicite
1278 2564 1587 2617 formaliter
1616 2565 1897 2617 revelatae
1927 2564 2051 2629 sint,
2095 2582 2123 2617 e
2153 2563 2472 2617 veritatibus

202 2648 463 2701 revelatis
504 2655 690 2703 tamen
717 2651 1141 2703 ratiocinatione
1172 2650 1524 2703 deducuntur
1552 2667 1648 2702 seu
1690 2649 1761 2702 ad
1791 2668 1883 2702 eas
1911 2654 1966 2702 et
1992 2648 2399 2702 conservandas
2427 2654 2473 2701 el

203 2734 566 2804 explicandas
610 2741 664 2788 et
707 2736 1090 2790 defendendas
1131 2736 1199 2789 ab
1237 2736 1612 2789 ecclesiastico
1642 2736 1961 2805 magisterio
1991 2736 2229 2807 proponi
2258 2734 2475 2788 debent.

204 2819 386 2881 Quum
428 2840 477 2874 v,
520 2841 572 2892 g.
615 2824 924 2875 revelatum
968 2824 1052 2889 sit2
1095 2824 1336 2876 animam
1379 2824 1677 2875 humanam
1718 2822 2065 2893 spiritualem
2093 2839 2227 2888 esse,
2271 2839 2335 2874 eo
2363 2821 2477 2891 ipso

202 2906 454 2959 Ecclesia
497 2908 775 2961 censenda
828 2915 910 2961 est
965 2908 1271 2961 infallibilis
1327 2909 1381 2960 in
1424 2909 1487 2960 iis
1530 2907 1884 2978 opinionibus
1939 2907 2293 2974 damnandis⁷
2348 2923 2478 2977 quas

201 2993 409 3046 iudicat
451 3012 574 3047 cum
617 2995 713 3047 illa
754 2996 989 3048 veritate
1033 2996 1316 3048 conciliari
1358 3013 1469 3047 non
1511 3012 1690 3064 posse,
1732 3013 1782 3047 v,
1813 3012 1865 3064 g.
1905 2995 2144 3047 animam
2185 2994 2479 3046 humanam

200 3080 565 3149 generatione
595 3080 845 3150 produci.
910 3081 1103 3148 Porro,
1147 3099 1317 3152 quum
1345 3080 1599 3133 Ecclesia
1629 3080 1934 3133 doctrinam
1962 3080 2268 3133 revelatam
2297 3078 2479 3132 verbis

200 3166 544 3217 enuntiatam
599 3184 913 3236 proponere
967 3173 1134 3237 atque
1185 3185 1399 3220 errores
1454 3166 1736 3237 oppositos
1786 3166 1970 3219 verbis
2025 3184 2316 3237 expressos
2357 3183 2480 3236 pro-

200 3251 443 3304 scribere
487 3252 716 3319 debeat,
771 3253 1081 3306 infallibilis
1136 3253 1414 3307 censenda
1467 3258 1575 3321 est,
1630 3259 1689 3305 ut
1729 3253 1912 3320 aiunt,
1972 3253 2059 3320 „in
2113 3252 2479 3306 diiudicandis

200 3337 448 3390 textibus
491 3338 851 3408 dogmaticis“
897 3357 996 3392 seu
1042 3340 1234 3408 „factis
1277 3339 1659 3409 dogmaticis“,
1702 3356 1775 3393 sc.
1817 3338 2125 3391 infallibilis
2167 3344 2265 3406 est,
2312 3356 2479 3409 quum

202 3422 467 3474 iudicium
511 3423 635 3489 fert⁷
679 3429 887 3477 certam
931 3425 1211 3494 quandam
1253 3425 1589 3477 sententiam
1632 3423 1833 3493 dogma
1863 3423 2088 3494 aliquod
2117 3428 2265 3477 recte
2308 3441 2479 3477 enun-

201 3508 359 3575 tiare⁷
403 3526 499 3561 seu
542 3527 787 3562 errorem
829 3527 960 3562 vere
1004 3511 1308 3577 continere⁷
1352 3529 1400 3562 v.
1444 3529 1495 3581 g.
1537 3510 1782 3562 Iansenii
1822 3509 2053 3576 librum,
2098 3510 2191 3579 qui
2231 3508 2480 3562 inscribi-

202 3600 290 3645 tur
310 3595 673 3664 Augustinus,
700 3613 865 3648 sensu
894 3594 962 3648 ab
994 3600 1220 3648 auctore
1243 3596 1476 3663 intento7
1506 3594 1563 3647 id
1591 3602 1673 3648 est
1701 3595 1942 3649 naturali
1971 3595 2269 3649 verborum
2297 3612 2477 3659 3611311,

203 3679 296 3747 qui
337 3680 571 3734 iuridice
614 3699 805 3734 sensus
848 3681 916 3734 ab
960 3693 1186 3734 auctore
1228 3681 1475 3734 intentus
1517 3681 1771 3749 habetur,
1819 3682 2063 3752 quinque
2103 3680 2226 3734 illos
2266 3697 2480 3734 errores

205 3766 523 3831 continere,
568 3785 703 3837 quos
743 3767 1000 3821 Ecclesia
1039 3767 1096 3818 in
1138 3784 1202 3819 eo
1247 3772 1536 3820 contentos
1580 3766 1985 3820 condemnavit.
2067 3764 2479 3819 Animadverti-

359 3939 370 3964 ¹
410 3940 470 3985 In
510 3940 935 3990 adnotationibus
974 3940 1038 3988 ad
1075 3955 1184 4001 cap.
1216 3940 1316 3988 ΙΙΙ.
1355 3940 1773 3988 Constitutionis.
