2548 4290
234 95 337 148 128
406 96 520 137 Pars
554 95 613 136 11.
665 93 820 137 Const.
857 94 911 136 de
941 94 1067 136 Eccl.
1119 93 1230 149 Cap.
1265 94 1324 136 ΙΙ.
1375 93 1795 137 Commentationes
1830 94 1885 137 de
1918 96 2155 150 aliquibus
2187 97 2318 139 locis.

232 246 337 295 tur.
416 240 565 293 Vere
607 241 777 310 igitur
819 238 925 292 dici
965 243 1177 309 potest,
1221 238 1368 309 quod
1409 239 1691 292 Primatus
1733 238 1946 293 Summi
1987 240 2274 294 Pontificis
2314 259 2509 300 revera
2546 302 2548 305 Α

232 326 301 378 sit
342 330 397 378 et
438 324 545 377 dici
586 325 760 395 possit
801 329 855 377 et
897 323 1099 377 debeat
1139 324 1475 395 principium
1533 325 1763 378 unitatis
1818 325 1949 378 fidei
1992 330 2048 379 et
2088 327 2507 386 communionis,

231 410 303 463 Et
344 415 427 463 est
466 410 721 480 specialis
760 410 919 476 rati0,
964 426 1134 481 quare
1175 427 1286 462 vox
1326 414 1560 462 centrum
1603 410 1830 463 unitatis
1870 428 1981 464 non
2010 411 2213 465 debeat
2252 412 2508 469 substitui

232 496 352 548 voci
387 496 722 565 principium
762 495 1018 559 unitatis3
1063 500 1146 547 est
1187 493 1445 564 specialis
1485 494 1645 547 ratio.

382 579 735 647 „Quarenam
764 579 1115 633 substituitur
1144 597 1256 632 vox
1285 585 1557 651 ,centrum
1584 580 1871 633 unitatis‘?
1902 598 2207 651 quarenam
2226 581 2251 633 Ρ
2293 580 2508 653 Nempe

230 664 359 733 quia
400 665 536 717 haec
578 683 689 718 vox
717 671 952 718 centrum
983 670 1065 717 est
1106 664 1283 734 magis
1326 663 1620 731 elucidata,
1665 665 1792 735 quia
1822 671 2115 736 praeterea
2141 684 2315 719 unum
2344 666 2509 737 signi-

229 749 396 802 ficant
436 749 542 803 hae
583 767 748 803 voces
790 750 1144 822 ,principium
1185 749 1411 802 unitatis
1454 754 1509 802 et
1551 755 1802 802 centrum
1842 751 2107 805 unitatis‘.
2545 820 2548 825 Α

382 835 526 903 „Sed
565 835 844 906 loquendo
888 835 955 889 de
998 836 1210 888 unitate
1252 835 1567 903 Ecclesiae,
1610 854 1721 889 vox
1762 837 1964 890 usitata
2003 855 2222 909 semper
2263 837 2352 891 vel
2392 836 2510 894 fere

229 937 446 991 semper
488 921 545 973 in
586 921 913 974 tractatibus
965 921 1296 991 theologicis
1338 927 1393 974 et
1445 921 1500 973 in
1543 923 1935 976 controversiis
1989 940 2114 976 cum
2155 924 2510 995 protestanti-

230 1004 361 1072 bus,
418 1023 529 1059 vox
581 1024 802 1076 semper
855 1007 946 1060 vel
998 1007 1114 1059 fere
1170 1024 1390 1077 semper
1430 1008 1634 1061 usitata
1691 1007 1759 1061 de
1801 1009 2015 1061 unitate
2057 1008 2371 1077 Ecclesiae,
2428 1014 2511 1064 est

223 1092 550 1161 principium
591 1092 836 1144 unitatis,

380 1176 525 1243 „Sed
567 1177 902 1248 principium
933 1182 987 1230 et
1016 1182 1270 1229 centrum
1298 1177 1526 1230 unitatis
1555 1195 1666 1230 non
1708 1184 1836 1231 sunt
1865 1179 2000 1248 quid
2041 1197 2213 1232 unum
2240 1184 2295 1232 et
2321 1178 2509 1232 idem?

227 1261 293 1314 In
334 1280 390 1315 se
433 1269 583 1315 certe
634 1269 777 1317 sunt.
863 1262 1114 1317 Christus
1156 1262 1430 1315 Dominus
1483 1281 1595 1315 non
1646 1263 1823 1316 solum
1878 1270 1960 1317 est
2015 1265 2350 1336 principium
2389 1264 2509 1317 uni-

226 1349 371 1416 tatis,
414 1349 510 1402 sed
552 1350 718 1402 etiam
762 1355 844 1403 est
886 1355 1137 1402 centrum
1179 1349 1433 1414 unitatis3
1493 1355 1619 1401 sunt
1659 1349 1715 1402 in
1757 1367 1814 1403 se
1858 1350 1990 1421 quid
2032 1369 2204 1404 unum
2246 1357 2299 1404 et
2340 1349 2505 1405 idem.

228 1433 339 1487 Sed
391 1452 501 1487 vox
555 1436 925 1507 ,principium‘
979 1454 1089 1488 non
1131 1435 1365 1488 eandem
1417 1436 1702 1489 notionem
1763 1436 1994 1490 exhibet
2047 1443 2213 1508 atque
2271 1435 2509 1490 eundem

225 1527 540 1592 respectum
580 1539 643 1574 ac
684 1540 795 1574 vox
825 1528 1095 1589 ,centrum
1124 1521 1387 1586 unitatis‘,
1431 1539 1558 1574 nam
1599 1523 1931 1594 principium
1972 1524 2197 1595 proprie
2239 1523 2512 1594 significat

226 1607 561 1678 principium
601 1608 846 1674 unitatis,
890 1607 1165 1678 significat
1198 1607 1269 1674 id,
1312 1607 1460 1678 quod
1502 1608 1744 1678 positum
1774 1614 1856 1662 est
1883 1610 1939 1661 in
1967 1610 2088 1681 ipsa
2117 1609 2508 1663 constitutione

226 1692 531 1759 Ecclesiae,
575 1693 852 1763 significat
893 1693 1224 1746 relationem
1255 1692 1467 1746 Summi
1497 1693 1784 1746 Pontificis
1818 1694 1888 1747 ad
1919 1694 2170 1748 membra
2197 1695 2507 1761 Ecclesiae3

228 1778 357 1831 dum
393 1784 645 1832 centrum
699 1779 926 1831 unitatis
978 1778 1253 1849 significat
1306 1778 1637 1832 relationem
1689 1780 2063 1833 membrorum
2111 1780 2397 1835 Ecclesiae
2438 1779 2507 1833 ad

226 1864 573 1917 Pontificem.
627 1865 974 1935 Principium
1016 1869 1099 1917 est
1139 1864 1272 1935 quid
1305 1864 1667 1917 intrinsecum
1695 1866 1966 1919 Primatui
1994 1865 2308 1933 Ecclesiae3
2352 1883 2509 1938 prae-

226 1950 511 2022 supposita
553 1950 655 2003 hac
699 1950 1112 2017 constitutione,
1157 1950 1582 2022 praesupposito
1625 1951 1730 2004 hoc
1758 1951 2049 2022 principio,
2090 1958 2222 2005 tunc
2263 1951 2511 2023 sequitur

225 2042 489 2108 tanquam
524 2037 928 2091 consectarium
958 2036 1231 2104 naturale,
1276 2037 1423 2107 quod
1452 2055 1576 2089 cum
1619 2037 1720 2091 hoc
1760 2038 2033 2110 principio
2076 2038 2375 2092 convenire
2417 2037 2509 2090 de-

227 2124 393 2176 beant
446 2140 634 2175 omnes
675 2122 970 2194 Episcopi,
1029 2141 1219 2175 omnes
1276 2123 1574 2189 ecclesiae,
1635 2141 1824 2176 omnes
1877 2123 2086 2178 fideleS.
2166 2124 2347 2195 Igitur
2396 2141 2509 2177 vox

225 2208 579 2280 ,principium
607 2209 851 2261 unitatis⁴
893 2227 1003 2263 non
1034 2215 1116 2262 est
1150 2208 1281 2280 quid
1322 2227 1494 2261 unum
1537 2214 1591 2261 et
1632 2209 1780 2262 idem
1822 2227 1885 2262 ac
1928 2227 2034 2263 vox
2079 2217 2349 2279 ‚centrum
2388 2211 2507 2262 uni-

224 2295 402 2348 tatis‘:
446 2299 746 2365 propterea
774 2313 884 2348 vox
916 2296 1248 2365 principium
1275 2295 1504 2347 unitatis
1539 2299 1621 2348 est
1649 2294 1765 2347 fere
1796 2312 2015 2365 semper
2043 2296 2263 2349 usitata.
2329 2294 2509 2365 Igitur

225 2382 420 2436 Patres
456 2380 833 2451 deputationis
863 2386 1216 2447 censuerunt,
1256 2398 1449 2434 vocem
1485 2381 1815 2450 principium
1856 2381 2083 2434 unitatis
2124 2399 2243 2435 esse
2286 2381 2508 2434 omnino

225 2466 577 2520 retinendam
620 2471 675 2519 et
715 2484 827 2519 non
869 2465 1194 2519 mutandam
1236 2466 1292 2518 in
1334 2483 1529 2519 vocem
1570 2472 1801 2518 ccntrmn
1841 2466 2119 2521 unitatiS.“

375 2551 572 2623 Itaque
616 2569 741 2604 cum
783 2552 1051 2623 suffragia
1091 2552 1387 2618 ferrentur,
1429 2551 1602 2605 verba
1642 2552 1939 2606 schematis
1978 2557 2200 2607 retenta
2241 2557 2323 2620 et,
2366 2568 2508 2623 quae

225 2640 509 2711 proposita
550 2644 725 2706 erant,
769 2640 960 2710 paucis
1002 2638 1511 2692 contradicentibus
1553 2639 1783 2692 exclusa
1823 2647 1950 2691 sunt
1973 2638 2007 2693 1.

375 2725 558 2787 Quum
600 2731 787 2778 tamen
829 2726 885 2778 in
916 2725 1368 2796 Congregatione
1412 2726 1753 2795 octogesima
1794 2726 1987 2796 quinta
2026 2730 2143 2779 tota
2173 2724 2508 2778 Constituti)

225 2812 506 2881 suffragiis
558 2811 955 2878 subiiceretur,
1010 2812 1118 2865 duo
1159 2813 1356 2865 Patres
1398 2812 1598 2864 iterum
1639 2829 1835 2865 vocem
1877 2812 2053 2866 centri
2106 2811 2280 2882 recipi
2320 2810 2508 2864 volue-

225 2904 353 2951 runt
372 2896 408 2950 ².
487 2897 841 2969 Responsum
895 2902 1081 2951 autem
1136 2903 1217 2950 est
1273 2898 1329 2949 in
1382 2897 1638 2968 sequenti
1680 2897 2130 2968 Congregatione
2184 2915 2216 2950 a
2265 2896 2508 2949 relatore

228 2984 632 3056 deputationiS,
695 2983 762 3036 de
805 3002 864 3037 re
906 3003 938 3037 a
980 2983 1434 3054 Congregatione
1475 2984 1727 3054 generali
1768 2984 1877 3036 iam
1921 2983 2223 3036 iudicatum
2265 2999 2369 3036 nec
2409 2982 2508 3036 ite-

224 3088 347 3122 rum
391 3069 458 3122 de
501 3087 567 3122 ea
608 3068 888 3139 agendum
931 3087 1051 3122 esse
1073 3067 1108 3123 3.

376 3157 425 3207 2.
455 3155 640 3208 Etiam
667 3172 803 3208 voce
833 3156 1028 3208 visibile
1041 3154 1468 3224 fzmclccmmztum
1496 3172 1670 3207 unum
1699 3155 1789 3208 vel
1818 3155 2055 3208 alterum
2086 3152 2361 3207 offensum
2388 3170 2507 3206 esso

225 3242 480 3295 vidimus,
547 3242 633 3295 De
676 3260 785 3313 qua
824 3260 884 3295 re
927 3242 1064 3295 haec
1106 3241 1384 3294 habentur
1424 3242 1479 3293 in
1509 3242 1799 3306 relatione,
1843 3258 1983 3311 quae
2027 3258 2151 3293 cum
2191 3240 2310 3309 ipso
2352 3239 2505 3292 sche-

225 3335 374 3381 mate
415 3329 560 3381 inter
600 3329 795 3381 Patres
837 3327 1172 3381 distributa4
1213 3333 1323 3381 est:
1371 3327 1903 3394 „Animadvertitur,
1944 3326 2063 3379 loco
2106 3325 2342 3393 ,visibile
2383 3323 2506 3377 fun--

227 3415 566 3469 damentum‘
597 3414 896 3467 dicendum
927 3432 1044 3467 esse
1074 3415 1456 3484 ,praecipuum
1498 3412 1960 3466 fundamentum‘.
2011 3411 2122 3465 Sed
2151 3412 2309 3464 iuxta
2336 3409 2490 3463 verb}

227 3500 430 3553 Christi
482 3501 708 3553 Domini
764 3498 962 3552 Matth.
1009 3501 1092 3551 16.
1147 3518 1218 3552 ex
1271 3500 1543 3553 maiorum
1595 3497 2057 3569 interpretatione
2115 3502 2169 3549 et
2219 3495 2493 3549 Ecclesiae

226 3604 389 3639 sensu
432 3591 751 3639 constanter
793 3585 1000 3638 dictum
1042 3584 1181 3637 illud
1224 3591 1335 3653 est,
1378 3585 1482 3638 hoc
1522 3583 1851 3638 inauditum.
1932 3581 2096 3643 Quod
2134 3599 2267 3635 vero
2309 3581 2496 3634 attine1

226 3671 296 3723 ad
337 3672 667 3725 sententiam
711 3672 826 3724 sive
871 3668 1191 3742 Scripturae
1232 3670 1347 3723 sive
1389 3671 1634 3735 Patrum,
1675 3668 1993 3722 aedificatos
2035 3685 2136 3720 nos
2179 3683 2298 3720 esse
2339 3682 2495 3736 supe1

379 3855 392 3881 ¹
430 3855 634 3903 Relatio
673 3861 769 3904 etc.
842 3853 897 3903 O.
934 3854 996 3902 V.
1035 3854 1193 3902 311d.
1378 3854 1394 3881 ²
1432 3854 1780 3917 Exceptiones
1818 3857 1914 3901 etc.
1987 3851 2043 3901 O.
2079 3851 2141 3900 V.
2180 3852 2338 3901 433b.
2366 3866 2408 3899 c.

376 3931 392 3959 3
429 3933 631 3981 Relatio
672 3938 768 3981 etc.
840 3932 896 3981 C.
934 3932 997 3981 V.
1036 3934 1130 3980 462
1147 3948 1191 3981 a.
1373 3932 1392 3959 4
1431 3932 1485 3980 O.
1525 3932 1587 3980 V.
1624 3932 1719 3979 275
1739 3948 1783 3979 a.
