2548 4290
323 136 511 179 Schema
545 134 893 177 Constitutionis
925 135 978 178 de
1010 136 1138 177 Rom.
1172 137 1390 178 Pontifice
1422 137 1662 179 discutitur
1693 151 1718 179 a
1751 138 2050 192 deputatione.
2189 138 2285 188 111

226 280 289 332 In
329 279 519 332 eadem
572 279 665 331 illa
719 279 956 331 sessione
1013 278 1379 349 deputationis
1430 280 1566 332 alius
1606 281 1890 349 theologus
1946 280 2011 333 de
2051 280 2288 333 animad-

10 365 13 369 “
85 362 418 417 ¹versionibus
470 361 676 414 referre
727 362 959 431 incepit,
1014 380 1145 431 quas
1185 363 1376 414 Patres
1417 362 1472 413 in
1514 369 1675 433 caput
1724 364 2033 416 addendum
2075 363 2142 415 de
2182 362 2289 414 Ro-

0 441 12 517 1
86 446 226 500 mani
265 445 542 497 Pontificis
593 443 982 497 infallibilitate
1023 445 1376 513 scripserant,
1429 463 1566 514 quae
1606 447 1796 498 relatio
1839 448 1982 516 typis
2032 447 2291 515 impressa

84 530 221 583 inter
271 529 556 598 deputatos
597 527 1038 580 distribuebatur.
1115 529 1375 581 Unanimi
1415 545 1680 581 consensu
1729 529 2042 581 iudicabant
2080 529 2289 587 PatreS,

84 612 293 666 schema
334 610 511 680 quoad
537 610 892 662 substantiam
918 611 1262 663 retinendum
1305 629 1438 663 esse.
1488 611 1692 680 Aliqua
1718 613 2014 664 secundum
2052 612 2291 663 animad-

0 717 5 768 J
85 694 352 748 versiones
391 694 616 745 Patrum
663 693 960 745 mutabant.
1037 694 1102 745 In
1144 693 1351 746 duabus
1392 694 1742 763 sequentibus
1782 694 2108 746 sessionibus
2146 695 2290 746 idem

83 778 363 847 theologus
402 778 457 827 in
497 776 687 829 eadem
728 778 989 829 relatione
1029 777 1310 846 pergebat,
1352 795 1523 846 eaque
1562 777 1714 829 finita
1755 778 1999 846 deputati
2038 777 2291 829 decerne-

85 861 227 926 bant,
268 865 327 911 ut
366 859 499 911 haec
539 859 657 928 ipsa
695 860 887 911 relatio
928 860 1112 928 paucis
1152 861 1369 911 mutatis
1410 861 1464 911 in
1506 877 1623 911 eam
1664 860 1983 912 relationem
2023 860 2288 928 recipere-

83 950 181 1008 tur,
222 960 360 1013 quae
389 943 532 1012 typis
562 943 823 1013 impressa
851 943 1008 994 simul
1049 960 1170 994 cum
1210 949 1322 995 toto
1364 943 1638 995 schemate
1679 961 1852 995 novae
1883 943 2291 996 Constitutionis

81 1026 344 1080 tradenda
394 1031 532 1078 esset
553 1025 586 1077 ¹.
675 1025 990 1095 Legebatur
1047 1026 1243 1078 deinde
1298 1026 1365 1078 ab
1421 1027 1614 1079 eodem
1672 1027 1926 1095 theologo
1980 1027 2171 1078 relatio
2225 1026 2290 1078 de

83 1109 638 1163 animadversionibus
669 1110 897 1161 Patrum
933 1111 988 1160 in
1029 1115 1190 1179 caput
1229 1110 1575 1162 undecimum
1615 1110 1902 1162 schematis
1943 1110 2008 1162 de
2048 1110 2292 1162 Ecclesia

80 1209 174 1246 seu
212 1193 267 1244 in
317 1193 653 1263 prooemium
695 1198 748 1244 et
798 1193 901 1244 tria
941 1194 1119 1262 capita
1170 1194 1351 1262 priora
1404 1194 1689 1245 schematis
1742 1194 1808 1245 de
1850 1194 2069 1246 Summo
2110 1194 2294 1245 Ponti-

0 1328 3 1330 ,
82 1275 179 1329 fice
217 1275 398 1341 factis3
440 1276 629 1328 relatio
657 1276 943 1328 finiebatur
975 1277 1030 1328 in
1058 1277 1295 1329 sessione
1335 1277 1606 1329 tricesima
1633 1278 1889 1345 septima3
1929 1294 2102 1344 pauca
2132 1294 2293 1345 quae-

0 1356 2 1362 ’
82 1357 203 1412 dam
242 1359 298 1410 in
337 1359 609 1411 schemate
649 1359 997 1411 mutabantur
1015 1358 1052 1412 ².

224 1442 605 1494 Relationibus
645 1442 726 1493 his
767 1443 930 1494 finitis
981 1442 1035 1494 in
1075 1444 1345 1494 tricesima
1385 1444 1614 1512 septima
1654 1443 1890 1495 sessione
1932 1442 2294 1510 deputationis

83 1525 156 1593 (d.
187 1528 235 1579 2.
265 1525 417 1592 Maii)
458 1527 677 1595 propria
716 1526 824 1577 iam
865 1527 1068 1594 incepit
1096 1526 1350 1578 discussio
1392 1527 1519 1578 novi
1546 1526 1851 1592 schematiS,
1893 1525 2037 1594 quod
2066 1543 2135 1577 ex
2165 1526 2294 1577 duo-

82 1608 178 1660 bus
218 1609 513 1679 capitibuS,
573 1608 638 1661 (19
680 1609 873 1678 quibus
925 1614 1085 1661 antea
1126 1614 1307 1660 actum
1358 1615 1504 1672 erat,
1556 1610 1847 1661 conflatum
1899 1608 2295 1660 inscribebatur

83 1691 373 1744 Constitutz‘o
416 1694 594 1760 prima
644 1693 703 1744 de
751 1693 974 1744 Ecclesia
1028 1692 1218 1745 Christi
1235 1692 1270 1744 3.
1359 1693 1646 1761 Agebatur
1698 1693 1764 1744 (19
1820 1692 2045 1744 exordio
2097 1693 2152 1742 in
2203 1692 2295 1744 illa

83 1774 196 1844 ipsa
233 1776 468 1828 sessione
511 1781 563 1827 et
606 1777 659 1827 in
699 1777 935 1828 sessione
980 1776 1394 1844 quadragesima
1435 1777 1607 1846 prima
1624 1776 1660 1842 ⁴,
1704 1776 1769 1827 (19
1811 1776 1987 1843 capite
2029 1775 2200 1843 primo
2242 1777 2294 1826 in

79 1859 315 1912 sessione
355 1859 628 1912 tricesima
667 1861 897 1929 septima
916 1859 955 1924 ⁵,
1011 1860 1076 1911 de
1119 1861 1294 1927 capite
1338 1861 1508 1912 altero
1550 1866 1603 1912 et
1643 1860 1802 1911 tertio
1843 1860 1897 1909 in
1938 1859 2200 1927 sequenti,
2242 1860 2295 1910 in

82 1958 186 2012 qua
225 1943 386 1994 etiam
427 1942 683 1994 discussio
726 1944 901 2012 quarti
942 1944 1131 2012 capitis
1171 1944 1390 2013 incepit,
1431 1944 1497 1995 de
1538 1961 1642 2012 quo
1686 1942 1931 2011 deputati
1971 1943 2025 1993 in
2067 1947 2296 2011 quatuor

81 2025 430 2094 sequentibus
482 2025 595 2078 fere
645 2026 871 2094 integris
923 2043 1086 2094 agere
1139 2027 1441 2095 pergebant
1465 2025 1499 2079 ⁶.
1587 2027 1915 2078 Praesertim
1968 2026 2297 2095 disputatum

80 2113 161 2160 est
200 2108 266 2160 de
305 2109 498 2174 verbiS,
547 2109 739 2178 quibus
780 2110 1177 2177 exprimeretur
1218 2110 1485 2161 obiectum
1531 2109 1930 2161 infallibilitatis
1970 2110 2294 2176 pontificiae,

83 2189 148 2243 de
189 2208 294 2260 qua
333 2191 695 2260 disputatione
734 2192 875 2243 infra
914 2193 1205 2260 specialem
1245 2192 1534 2244 afferemus
1571 2192 2081 2244 commentationem
2106 2191 2139 2242 ⁷.
2197 2191 2296 2243 Ca-

83 2291 251 2326 nones
292 2281 398 2326 tres
437 2275 493 2325 in
540 2275 776 2327 sessione
818 2275 1234 2344 quadragesima
1275 2276 1446 2345 prima
1487 2276 1693 2344 recepti
1731 2282 1853 2326 sunt
1893 2275 2059 2340 taleS,
2111 2276 2296 2343 quales

84 2358 525 2427 proponebantur
544 2357 580 2409 8.

228 2441 424 2494 Totum
464 2442 680 2494 schema
722 2442 1067 2494 emendatum
1094 2444 1147 2494 in
1175 2444 1410 2495 sessione
1440 2441 1852 2511 quadragesima
1880 2441 2117 2493 secunda
2155 2443 2299 2509 lege-

83 2523 240 2577 batur
280 2531 333 2577 et
372 2527 425 2576 in
466 2526 736 2594 aliquibus
776 2527 907 2579 locis
949 2527 1294 2579 emendatum
1337 2527 1487 2595 prelo
1529 2525 1931 2578 subiiciebatur.
2012 2525 2119 2577 Sed
2158 2526 2300 2593 typis

81 2608 401 2677 impressum
428 2609 479 2659 in
510 2610 756 2677 sequenti
784 2610 1020 2662 sessione
1053 2609 1125 2676 (d.
1157 2613 1204 2662 8.
1227 2610 1378 2676 Maii)
1410 2610 1586 2661 (1911110
1615 2609 2028 2660 examinabatur
2058 2618 2110 2660 et
2139 2609 2299 2677 paulo

83 2691 387 2744 mutatum⁹
427 2692 622 2744 iterum
664 2693 965 2745 subiectum
1008 2700 1086 2745 est
1138 2695 1289 2762 prelo
1332 2694 1585 2745 Patribus
1627 2693 2082 2760 Congregationis
2133 2709 2298 2760 gene-

83 2774 210 2826 ralis
250 2775 353 2826 iam
395 2775 721 2827 tradendum
744 2775 801 2826 ¹⁰.
879 2777 944 2827 In
995 2777 1185 2828 eadem
1227 2778 1463 2829 sessione
1516 2777 1677 2828 etiam
1722 2776 1911 2827 relatio
1954 2775 2019 2827 (19
2060 2775 2300 2826 animad-

83 2858 419 2909 versionibus
447 2858 689 2923 Patrum,
732 2877 869 2928 quae
910 2859 991 2910 his
1032 2860 1191 2911 simul
1232 2878 1352 2911 cum
1391 2860 1661 2911 schemate
1697 2858 1962 2909 tradenda
2003 2863 2131 2924 erat,
2173 2876 2299 2910 exa-

86 2941 215 2993 mini
253 2941 717 2994 subiiciebatur¹¹.
771 2944 989 2995 Interea
1027 2944 1082 2994 in
1125 2943 1564 3012 Congregatione
1603 2942 1846 3011 generali
1888 2942 2300 3010 quadragesima

234 3100 247 3125 ¹
284 3100 362 3146 Ex
399 3102 524 3147 actis
562 3107 658 3147 etc.
708 3101 761 3148 O.
799 3101 858 3148 V.
903 3104 1063 3148 16ῖ89
1101 3117 1209 3162 sqq.
1388 3101 1403 3126 ²
1441 3101 1568 3149 Ibid.
1622 3101 1680 3147 V.
1720 3101 1772 3148 C.
1816 3101 1982 3147 1679d
2020 3117 2093 3162 sq.
2133 3126 2190 3130 -—
2224 3101 2297 3146 Ex

89 3175 280 3223 diurnis
319 3181 413 3223 etc.
484 3176 537 3224 O.
574 3177 633 3224 V.
678 3180 797 3224 1600
814 3194 857 3224 a.
1036 3177 1051 3203 3
1088 3178 1258 3224 Habes
1296 3178 1388 3224 hoc
1427 3178 1628 3224 schema
1665 3176 1719 3224 C.
1756 3178 1815 3224 V.
1859 3176 2023 3223 16401)
2063 3192 2169 3238 sqq.

232 3251 251 3278 4
285 3252 363 3299 Ex
399 3254 525 3300 actis
564 3258 657 3300 etc.
729 3253 782 3300 O.
819 3254 880 3301 V.
922 3257 1087 3300 1680a
1125 3269 1232 3314 sqq.
1271 3280 1330 3285 —-
1368 3254 1442 3299 Ex
1482 3254 1674 3300 diurnis
1713 3259 1806 3299 etc.
1879 3252 1932 3300 C.
1971 3253 2032 3299 V.
2075 3252 2256 3298 17001).

235 3326 250 3354 ⁵
286 3329 364 3375 Ex
414 3330 540 3376 actis
590 3335 683 3377 etc.
755 3329 809 3377 O.
853 3330 914 3377 V.
966 3332 1143 3376 16809.
1338 3328 1353 3356 ⁶
1396 3330 1518 3376 [bid.
1589 3329 1643 3376 O.
1680 3329 1740 3375 V.
1784 3331 1943 3376 16809
1983 3344 2089 3390 sqq.
2130 3354 2185 3359 -
2225 3328 2301 3373 Ex

89 3402 281 3450 diurnis
319 3408 412 3451 etc.
483 3404 535 3452 O.
572 3405 633 3452 V.
675 3406 857 3452 16991).
1038 3405 1052 3430 ⁷
1089 3405 1150 3453 V.
1190 3421 1295 3465 cap.
1336 3405 1404 3451 H.
1443 3409 1709 3452 comment.
1749 3405 1839 3452 IX.

235 3478 251 3505 8
287 3480 365 3526 Ex
401 3481 525 3527 actis
563 3485 657 3528 etc.
707 3480 759 3528 O.
797 3482 858 3528 V.
901 3483 1065 3527 168οα
1103 3497 1209 3542 sqq.
1238 3507 1295 3512 ——
1325 3482 1401 3527 Ex
1439 3481 1631 3527 diurnis
1666 3485 1760 3527 etc.
1810 3479 1862 3527 O.
1890 3480 1950 3525 V.
1983 3481 2152 3527 16001)
2192 3494 2298 3541 sqq.

236 3551 252 3579 ⁹
288 3556 367 3601 Ex
404 3556 528 3602 actis
566 3561 660 3603 etc.
732 3555 786 3604 C.
822 3557 883 3602 V.
924 3558 1046 3603 1685
1064 3572 1103 3603 9.
1141 3560 1263 3603 nota
1299 3553 1381 3602 2²³².

217 3630 253 3657 ¹⁰
289 3631 367 3677 Ex
402 3632 528 3678 actis
565 3637 658 3679 etc.
706 3632 760 3680 C.
786 3632 847 3679 V.
878 3633 1000 3679 1685
1017 3648 1059 3678 a.
1086 3633 1131 3678 b.
1161 3659 1219 3663 —
1250 3632 1323 3678 Ex
1350 3632 1542 3678 diurnis
1570 3636 1663 3678 etc.
1713 3630 1764 3677 C.
1792 3631 1852 3677 V.
1889 3632 2009 3676 1700
2035 3646 2077 3677 9.
2134 3631 2300 3691 Ipsum

96 3705 293 3753 schema
328 3723 373 3753 v.
412 3706 465 3754 C.
502 3707 562 3753 V.
600 3709 736 3755 2692.
773 3724 879 3769 sqq.

220 3782 255 3808 ¹¹
293 3782 369 3828 Ex
417 3782 542 3828 actis
589 3787 682 3829 etc.
753 3783 805 3830 O.
843 3784 903 3831 V.
946 3784 1128 3830 16851).
1198 3784 1336 3829 Haec
1385 3783 1562 3830 relatio
1611 3782 1827 3829 conflata
1873 3787 1948 3829 est
1997 3796 2058 3827 ex
2106 3781 2302 3829 duabus

95 3855 193 3903 illis
236 3858 597 3918 relationibus,
651 3874 776 3919 quas
826 3860 877 3905 in
924 3860 1230 3907 sessionibus
1282 3858 1624 3920 deputationis
1673 3858 1732 3904 (19
1783 3857 2303 3905 animadversionibus
