2548 4290
473 211 716 254 Comment.
748 210 807 250 II.
860 210 930 250 De
960 208 1266 262 possibilitate
1296 210 1443 247 natur.
1476 207 1745 258 cognitionis
1775 205 1875 245 Dei.
2217 201 2284 251 39

68 355 260 420 debat,
313 372 475 424 quum
517 357 708 421 ageret
747 352 814 405 de
857 352 990 418 hoo,
1047 353 1138 421 qui
1179 351 1487 421 propositus
1538 356 1681 418 erat,
1734 368 1969 403 canone:
2026 349 2116 416 „Si
2167 348 2285 417 quis

69 439 295 500 dixerit,
351 438 528 489 Deum
578 453 677 506 per
732 437 1102 488 immediatam
1152 436 1417 487 visionem
1472 452 1567 486 seu
1618 435 1874 486 intuitum
1924 434 1979 485 in
2031 433 2134 484 hac
2173 432 2286 483 vita

65 520 403 573 naturalibus
439 520 644 571 viribus
683 520 891 588 percipi
931 537 1113 588 posse,
1170 523 1263 571 0111
1301 518 1357 568 111
1396 517 1489 569 1110
1532 517 1711 569 01111110
1762 517 1966 568 directe
2016 515 2191 566 videri
2233 519 2287 566 et

68 603 439 672 contemplari,
479 620 526 655 a.
567 603 639 653 s.“
667 602 684 633 ¹

211 690 402 759 Itaque
443 689 745 741 Concilium
786 688 1205 756 ontologismum
1256 686 1499 754 recipere
1552 685 1727 737 noluit
1765 686 1907 736 inter
1958 703 2047 736 eas
2088 684 2285 736 doctri-

65 790 187 839 1100,
243 790 373 841 quas
420 771 626 823 directe
677 771 777 823 hoc
829 771 1048 823 decreto
1100 769 1484 840 proscriberet.
1561 767 1929 820 Nihilominus
1982 767 2284 819 doctrinam

65 855 331 920 definivit,
384 855 469 906 cui
522 854 911 921 ontologismus
951 854 1104 918 10110,
1165 853 1337 921 qualis
1389 852 1580 903 saltem
1632 852 1688 902 in
1727 851 1922 919 Belgio
1975 850 2286 919 propositus

66 942 160 1003 est,
207 937 519 989 immediate
561 938 870 1008 opponitur.
947 936 1256 989 Secundum
1298 936 1441 987 hunc
1479 935 1585 985 sola
1624 934 1940 985 immediata
1979 933 2085 984 Dei
2125 933 2287 984 intui-

63 1021 210 1072 tione
249 1021 386 1072 ratio
426 1021 662 1072 humana
698 1020 878 1072 Deum
920 1024 1067 1072 certo
1109 1036 1437 1087 cognoscere
1477 1022 1672 1085 potest,
1714 1035 1808 1068 seu
1849 1034 1974 1069 eum
2015 1034 2085 1068 ex
2126 1015 2288 1067 rebus

65 1104 258 1155 creatis
310 1120 638 1172 cognoscere
690 1121 798 1155 non
838 1108 1045 1172 potest,
1097 1103 1200 1153 nisi
1241 1101 1518 1170 supposita
1567 1101 1668 1153 hac
1720 1101 2009 1152 intuitione
2029 1098 2065 1151 ².
2146 1098 2288 1151 Con-

66 1187 248 1238 cilium
287 1187 611 1238 Vaticanum
665 1192 844 1238 autem
898 1187 1170 1251 definivit,
1225 1185 1406 1237 Deum
1459 1186 1692 1236 naturali
1740 1185 2012 1235 humanae
2063 1183 2287 1234 rationis

63 1270 266 1322 lumine
308 1276 453 1322 certo
495 1271 745 1339 cognosci
786 1287 962 1340 posse.
1040 1269 1245 1320 Dicunt
1285 1268 1504 1337 quidem
1545 1268 1923 1335 ontologistae,
1968 1267 2141 1336 ipsam
2182 1265 2286 1317 Dei

66 1354 408 1406 intuitionem
448 1355 653 1406 homini
693 1354 998 1406 naturalem
1040 1371 1183 1418 000ος
1225 1353 1321 1405 0οᾰ
1360 1352 1416 1404 id
1444 1351 1640 1403 falsum
1681 1369 1814 1417 esse,
1857 1351 2166 1419 theologice
2208 1349 2286 1402 fa-

67 1438 168 1489 cile
208 1437 471 1505 probatur
489 1437 525 1489 3.
553 1470 559 1474 -

207 1521 334 1572 Alia
374 1539 430 1572 se
471 1521 629 1573 offert
668 1522 769 1573 hoc
807 1522 928 1573 1000
958 1521 1217 1590 quaestiO,
1260 1519 1529 1589 quomodo
1564 1519 1631 1570 ad
1673 1519 1951 1570 decretum
1994 1518 2287 1570 conciliare

24 1648 27 1650 .
63 1620 118 1655 se
157 1603 356 1655 habeat
396 1605 593 1673 opiniO,
635 1623 772 1673 quae
813 1623 844 1656 a
872 1605 1041 1656 doctis
1082 1603 1405 1672 quibusdam
1446 1603 1574 1654 viris
1601 1603 1656 1653 in
1684 1601 1980 1653 Germania
2006 1601 2286 1670 proposita

64 1692 170 1755 est,
222 1687 349 1752 illa,
406 1705 510 1757 qua
562 1690 697 1739 ratio
750 1689 987 1740 humana
1038 1706 1144 1740 11011
1186 1686 1403 1756 quidem
1458 1685 1771 1737 immediato
1812 1685 1916 1736 Dei
1959 1684 2158 1736 intuitu
2198 1685 2286 1736 vel

61 1906 262 1967 logismi
286 1906 515 1966 formam,
555 1922 683 1968 quae
721 1912 893 1967 aperte
923 1908 1201 1954 catholicae
1230 1906 1489 1954 doctrinae
1518 1907 1791 1968 opponitur
1824 1910 1873 1952 et
1898 1906 2285 1952 fundamentum

64 1986 140 2030 est
175 1982 448 2030 multorum
488 1998 742 2042 errorum,
782 1985 867 2044 qui
902 1999 1036 2030 nunc
1072 1984 1174 2031 late
1211 1984 1471 2045 pervagati
1511 1988 1654 2043 sunt,
1703 1988 1754 2030 et
1790 1983 2079 2030 continetur
2115 1982 2166 2027 in
2201 1980 2288 2027 illa

62 2058 434 2120 propositione:
473 2058 748 2118 ,Naturalis
786 2063 862 2105 est
897 2059 1086 2105 homini
1123 2060 1342 2120 cognitio
1379 2060 1472 2106 Dei
1511 2060 1703 2106 directa
1741 2063 1790 2105 01
1826 2055 2154 2105 110111οᾶ1010.ί

208 2134 316 2194 „Ex
350 2134 450 2181 alia
484 2138 628 2196 parte
664 2150 764 2181 non
799 2136 1002 2182 videtur
1039 2136 1293 2197 expedire,
1333 2139 1389 2182 ut
1417 2135 1700 2182 Concilium
1736 2134 2041 2181 Vaticanum
2080 2133 2283 2195 penitus

65 2210 125 2257 de
175 2210 509 2271 ontologismo
545 2210 708 2258 sileat.
777 2210 854 2257 Ex
901 2211 996 2257 hoc
1044 2211 1173 2258 enim
1211 2212 1411 2258 silentio
1451 2212 1791 2272 ontologistae
1833 2211 2005 2257 statim
2041 2210 2175 2256 vires
2211 2225 2289 2255 re-

65 2289 345 2344 sumerent,
396 2301 512 2331 suas
560 2286 932 2333 controversias
980 2290 1358 2345 restaurarent,
1411 2288 1519 2347 ipsa
1566 2287 1824 2333 Romanae
1861 2285 2285 2346 Congregationis

61 2376 303 2422 responsa
340 2360 437 2419 (18.
464 2361 770 2422 Septembris
802 2360 944 2420 1861)
981 2362 1309 2421 infirmarent,
1350 2368 1399 2409 et
1436 2363 1550 2409 huic
1578 2362 1691 2408 Sedi
1729 2363 1904 2409 turbas
1942 2366 1992 2407 et
2028 2360 2285 2407 molestias

61 2441 308 2484 crearent.
379 2436 504 2484 Cum
555 2453 675 2483 vero
724 2437 771 2484 S.
819 2438 878 2483 R.
929 2438 989 2485 U.
1038 2439 1390 2500 Inquisitionis
1439 2439 1780 2500 Congregatio
1826 2437 1926 2495 (18.
1975 2437 2285 2498 Septembris

65 2511 208 2570 1861)
245 2513 449 2560 allatam
487 2514 884 2574 propositionem
921 2518 1032 2562 tuto
1070 2516 1201 2562 tradi
1239 2531 1338 2561 non
1374 2531 1522 2576 posse
1560 2515 1859 2574 decreverit,
1902 2517 1952 2561 et
1987 2514 2133 2560 multi
2170 2513 2287 2574 Epi-

63 2589 199 2649 scopi
237 2588 556 2649 (praesertim
592 2590 917 2651 Neapolitani
954 2591 1005 2637 in
1041 2607 1133 2637 sua
1183 2592 1396 2653 epistola
1433 2591 1697 2638 collectiva
1733 2592 1796 2637 ad
1833 2592 2023 2637 clerum
2063 2590 2287 2636 saecula-

62 2678 167 2711 rem
216 2668 265 2711 et
312 2665 596 2726 regularem
644 2668 720 2712 28.
761 2666 894 2712 Iunii
941 2666 1087 2724 1862)
1134 2668 1524 2728 ontologismum
1573 2669 1796 2728 graviter
1846 2667 2283 2727 reprehenderint,

62 2737 250 2787 Christi
295 2739 466 2787 fideles
512 2741 662 2788 huius
701 2741 1037 2788 damnationis
1075 2743 1510 2791 confirmationem
1549 2747 1847 2805 exspectare
1884 2744 2147 2789 videntur:
2197 2743 2282 2803 qui

59 2815 268 2876 insuper
303 2816 636 2876 mirarentur,
674 2832 736 2862 ex
772 2817 929 2864 totius
968 2818 1103 2866 orbis
1140 2819 1372 2877 partibus
1408 2819 1686 2880 Episcopos
1722 2820 1772 2865 in
1810 2819 2114 2866 Vaticanum
2153 2817 2285 2865 Con-

62 2890 232 2937 cilium
268 2895 470 2938 coactos
505 2891 688 2952 fuisse,
736 2895 794 2939 ut
829 2893 1202 2953 pantheismum
1252 2898 1301 2941 et
1338 2895 1741 2941 rationalismum
1789 2895 2017 2956 aliosque
2064 2909 2280 2953 errores,

63 2981 188 3028 quos
224 2982 314 3027 per
351 2983 403 3013 00
440 2968 534 3028 ipsi
572 2983 751 3015 cavere
798 2973 1061 3029 poterant,
1116 2971 1439 3030 damnarent,
1495 2986 1693 3018 errores
1740 2986 1860 3017 vero
1904 2971 2044 3029 illos,
2098 2970 2182 3031 qui
2220 2971 2282 3016 ad

59 3042 184 3088 haec
230 3046 456 3090 monstra
502 3044 632 3089 viam
682 3048 943 3103 sternunt,
989 3045 1208 3092 intactos
1258 3046 1538 3108 reliquisse.
1612 3045 1933 3108 Quapropter
1980 3046 2283 3108 proponitur

62 3116 344 3164 damnanda
390 3134 418 3165 a
467 3118 690 3165 Concilio
728 3119 977 3167 Vaticano
1025 3136 1241 3181 sequens
1288 3123 1589 3183 propositio:
1645 3122 1922 3181 ,Naturalis
1971 3127 2045 3170 est
2093 3123 2283 3170 homini

0 3221 2 3223 >
61 3193 279 3253 cognitio
315 3194 410 3240 Dei
445 3195 734 3242 immediata
771 3200 820 3243 et
858 3194 1110 3244 directa‘.“
1186 3198 1480 3259 Sequuntur
1515 3199 1754 3246 rationes.
1815 3199 1869 3247 C.
1905 3200 1967 3248 V.
2005 3201 2143 3248 8490
2172 3215 2280 3261 sqq.

206 3269 220 3295 ¹
257 3270 649 3318 Emendationes
687 3276 781 3319 etc.
849 3271 905 3320 C.
941 3272 1002 3320 V.
1045 3275 1188 3320 1270.
1262 3274 1337 3322 Cf.
1374 3275 1574 3322 Relatio
1612 3280 1706 3323 etc.
1777 3276 1830 3323 C.
1869 3276 1930 3323 V.
1973 3277 2061 3322 153
2078 3291 2120 3322 a.

211 3344 227 3371 ²
264 3344 338 3392 Cf.
377 3346 436 3393 G.
475 3345 527 3393 C.
565 3347 787 3408 UbaghS,
826 3348 1143 3396 Theodiceae
1180 3366 1216 3396 s.
1245 3351 1551 3412 Theologiae
1588 3352 1836 3399 naturalis
1873 3352 2140 3398 elementa.
2187 3351 2284 3397 Lo-

64 3419 199 3466 vanii
237 3422 374 3469 1852.
411 3437 456 3482 p.
494 3424 553 3468 66
591 3438 699 3484 sqq.

207 3494 222 3520 ³
258 3495 380 3543 Post
429 3497 709 3545 Concilium
762 3499 807 3546 d.
859 3501 933 3547 14.
978 3500 1099 3547 Dec.
1151 3503 1273 3547 1887
1325 3503 1609 3562 complures
1662 3504 2032 3565 propositiones
2085 3504 2281 3550 ontolo-

59 3570 271 3631 gisticae
307 3586 370 3618 ex
406 3573 606 3633 scriptis
643 3575 972 3635 quibusdam,
1025 3592 1155 3637 quae
1190 3581 1305 3637 post
1341 3579 1534 3625 obitum
1571 3579 1781 3626 Antonii
1817 3579 2044 3626 Rosmini
2082 3579 2281 3627 Serbati

62 3647 168 3692 01110
203 3648 407 3694 1101111110
444 3649 579 3696 edita
615 3655 748 3710 sunt,
787 3652 989 3699 decreto
1018 3668 1055 3699 0.
1081 3652 1432 3714 Inquisitionis
1470 3656 1738 3702 damnatae
1765 3661 1898 3715 sunt,
1938 3655 2072 3717 quod
2110 3657 2280 3703 decre-

59 3727 164 3770 tum
201 3740 231 3771 a
267 3723 468 3770 Summo
493 3724 737 3774 Pontifice
762 3728 932 3775 Leone
958 3728 1108 3775 XIII.
1147 3729 1497 3777 confirmatum
1530 3735 1620 3778 est.
1670 3731 1745 3779 Cf.
1771 3732 1904 3778 Acta
1932 3748 1968 3778 s.
1995 3731 2136 3779 Sedis
2162 3732 2279 3780 XX.

59 3813 107 3858 p.
143 3800 234 3844 397
263 3814 370 3861 sqq.
409 3824 467 3830 -—
503 3800 563 3847 D.
594 3803 667 3849 18.
693 3803 829 3864 Sept.
859 3805 979 3850 1861
1020 3820 1056 3851 s.
1083 3804 1353 3866 Inquisitio
1391 3806 1491 3853 iam
1530 3807 1892 3865 declaraverat,
1932 3807 2129 3869 aliquas
2166 3824 2281 3869 pro-

62 3874 334 3995 posiltiqrges
371 3876 752 3937 ontologisticas
789 3883 901 3927 tuto
939 3881 1070 3927 tradi
1108 3896 1208 3928 non
1244 3897 1408 3943 posse.
1480 3882 1556 3930 Cf.
1592 3883 1903 3944 Denzinger,
1950 3884 2276 3931 Enchiridion

64 3964 112 3995 n.
183 3963 209 3994 0
314 3965 421 4011 sqq.
