2548 4290
202 89 309 142 200
396 90 509 132 Pars
542 91 600 131 ΙΙ.
650 89 805 132 Const.
840 89 896 132 de
930 90 1054 132 Eccl.
1119 89 1231 145 Cap.
1264 91 1323 132 11.
1382 89 1800 134 Commentationes
1833 92 1888 134 de
1920 93 2155 147 aliquibus
2187 95 2315 137 locis.

351 238 418 291 In
458 238 701 290 sessione
743 238 1169 309 quadragesima
1209 244 1408 310 quarta
1447 238 1822 311 deputationis
1865 238 1953 292 die
1995 240 2084 292 22.
2111 239 2243 293 Maii
2285 239 2476 296 Cardi-

202 324 341 377 nalis
393 322 565 388 Bili0,
618 328 908 394 postquam
963 324 1387 391 animadvertit,
1440 325 1748 396 permultos
1788 324 1988 378 Patres
2039 342 2184 377 nova
2239 324 2478 382 formula

203 407 397 479 capitis
438 407 619 478 quarti
660 408 896 478 offendi,
949 414 1116 480 atque
1170 409 1239 463 ob
1281 410 1524 464 rationes
1564 427 1676 464 non
1715 410 1867 463 leves
1909 409 2144 477 offendi,
2199 427 2322 464 eam
2362 429 2478 466 mu·

203 493 428 546 tandam
485 510 603 546 esse
661 493 804 546 dixit
842 494 1010 565 idque
1053 494 1263 548 eisdem
1318 494 1435 548 fere
1487 494 1794 548 rationibus
1844 494 2136 566 probavit,
2193 512 2334 566 quae
2389 496 2478 551 die

206 581 254 631 7.
283 578 417 631 Maii
456 583 648 631 contra
687 579 868 650 ipsum
911 598 943 633 a
985 579 1200 633 duobus
1240 580 1522 651 deputatis
1549 580 1751 634 allatae
1791 584 1965 633 erant.
2019 579 2252 634 Praeter
2278 580 2479 635 Archi-

203 664 492 735 episcopos
521 662 856 734 DechampS,
901 664 1189 736 Spalding,
1232 665 1416 719 Steins
1454 671 1509 718 et
1534 664 1718 736 Episc.
1748 664 1953 718 Martin
1995 665 2045 718 ei
2086 683 2260 737 prope
2290 683 2481 720 omnes

203 748 665 803 assentiebantur.
744 749 963 802 Novam
1004 750 1302 803 formulam
1343 751 1658 822 proposuit,
1710 768 1853 821 quae
1895 750 2077 821 quoad
2117 750 2482 806 substantiam
2537 815 2546 820 .

201 834 259 887 in
299 834 609 905 pristinam,
652 852 815 905 quam
857 835 1144 906 deputatio
1175 854 1469 907 perperam
1496 841 1827 903 mutaverat,
1868 835 2051 890 rediit.
2103 835 2248 890 Fere
2291 855 2482 891 omnes

204 925 391 973 autem
446 918 697 990 deputati
748 921 1079 989 censebant,
1141 940 1254 975 non
1308 923 1417 975 iam
1467 922 1636 974 aliam
1688 921 1985 974 formulam
2037 939 2069 974 a
2121 921 2481 993 deputatione

204 1005 581 1076 adoptandam
638 1012 693 1059 et
744 1007 1168 1078 proponendam
1220 1026 1373 1075 esse,
1430 1008 1524 1061 sed
1581 1025 1611 1060 e
1660 1007 1943 1075 formuliS,
2002 1025 2137 1078 quas
2178 1007 2374 1062 Patres
2425 1010 2482 1062 in

205 1090 750 1161 Congregationibus
790 1092 1149 1162 generalibus
1191 1093 1529 1165 proposituri
1573 1099 1773 1160 essent,
1823 1111 1944 1146 eam
1986 1110 2106 1146 esse
2148 1093 2482 1164 eligendam,

205 1195 347 1248 quae
388 1177 674 1231 videretur
715 1179 923 1248 optima
944 1178 977 1233 ¹.

354 1263 429 1316 Iis
470 1268 657 1317 tamen
699 1282 810 1318 non
849 1265 1129 1335 acquievit
1170 1264 1498 1319 Cardinalis.
1576 1264 1684 1318 Die
1726 1267 1776 1318 8.
1818 1264 1966 1318 Iunii
2014 1282 2219 1318 novum
2259 1264 2484 1318 schema

206 1349 402 1418 capitis
445 1350 625 1420 quarti
667 1351 954 1422 proposuit
1004 1356 1169 1422 atque
1223 1350 1661 1417 commendavit,
1714 1351 1771 1403 in
1825 1368 1932 1421 quo
1984 1350 2105 1421 ipsa
2146 1349 2481 1404 definitionls

205 1434 378 1488 verba
418 1441 545 1488 sunt
585 1436 747 1489 haec:
796 1479 840 1504 „.
886 1479 897 1490 .
942 1479 953 1490 .
994 1456 1151 1490 sacro
1181 1437 1528 1509 approbante
1560 1436 1809 1490 Concilio
1841 1436 2103 1490 docemus
2137 1443 2192 1490 et
2221 1436 2483 1489 divinitus

206 1522 515 1575 revelatum
568 1523 772 1593 dog-ma
824 1541 942 1577 esse
986 1524 1360 1579 declaramus:
1421 1524 1738 1578 Romanum
1790 1523 2144 1587 Pontificem,
2187 1567 2198 1577 .
2244 1565 2253 1575 .
2297 1565 2309 1577 .
2360 1540 2485 1576 cum

207 1609 451 1679 supremi
507 1609 746 1662 doctoris
795 1628 1026 1663 munere
1069 1611 1308 1680 fungens
1349 1610 1704 1682 quaestiones
1745 1609 1813 1663 de
1854 1609 1963 1663 fide
2005 1615 2061 1663 et
2101 1608 2346 1662 moribus
2387 1626 2485 1662 suo

207 1694 411 1747 iudicio
464 1694 682 1761 definit,
739 1714 840 1766 per
881 1696 1120 1767 Spiritus
1160 1696 1348 1750 Sancti
1401 1696 1770 1750 assistentiam
1822 1695 1892 1748 ab
1946 1713 2133 1748 errore
2185 1696 2485 1748 immunem

208 1781 435 1849 servari,
478 1787 533 1834 et
573 1781 671 1834 has
712 1782 829 1835 eius
873 1781 1224 1836 definitiones
1265 1785 1378 1836 sive
1422 1783 1675 1850 decreta,
1732 1800 1830 1853 per
1871 1799 1928 1834 se
1970 1780 2416 1848 irreformabilia,
2461 1798 2489 1833 a

209 1867 402 1936 quovis
446 1867 772 1935 christiano,
826 1874 887 1920 ut
929 1869 1167 1940 primum
1209 1869 1260 1922 ei
1301 1869 1673 1936 innotuerint,
1719 1869 1881 1938 pleno
1926 1868 2125 1921 mentis
2166 1885 2394 1920 assensu
2434 1870 2489 1919 et

208 1953 339 2006 fidei
389 1952 652 2024 obsequio
704 1955 1040 2026 excipienda
1089 1961 1144 2008 et
1184 1955 1428 2009 tenenda
1470 1973 1608 2009 esse.
1688 1954 2001 2008 Definimus
2041 1954 2296 2025 insuper,
2348 1952 2490 2005 hanc

209 2039 451 2092 Romani
492 2040 778 2093 Pontificis
818 2040 1276 2095 infallibilitatem
1318 2041 1389 2094 ad
1429 2041 1579 2095 idem
1622 2040 1899 2094 obiectum
1939 2040 2179 2111 porrigi,
2232 2039 2303 2092 ad
2344 2037 2493 2109 quod

209 2126 579 2180 infallibilitas
619 2127 905 2180 Ecclesiae
964 2128 1338 2181 extenditur.“
1363 2126 1383 2160 2
1461 2127 1761 2181 Formulae
1819 2128 2003 2198 aliqua
2043 2126 2309 2180 adnotata
2348 2132 2492 2178 sunt.

212 2212 299 2265 De
341 2212 445 2265 1100
487 2213 604 2265 eius
644 2214 764 2266 loco
806 2213 1328 2267 animadvertuntur
1371 2214 1540 2266 haec:
1587 2255 1635 2282 „.
1679 2255 1691 2267 .
1735 2255 1746 2267 .
1791 2230 1983 2266 sensus
2012 2211 2304 2278 formulae,
2347 2228 2490 2281 qua«)

212 2316 358 2350 nunc
401 2299 761 2369 proponitur,
805 2304 1035 2353 eatenus
1076 2299 1540 2353 indeterminatus
1583 2304 1697 2366 est,
1741 2303 2014 2370 quatenus
2057 2298 2249 2369 quaeri
2293 2302 2494 2367 potest,

214 2401 490 2454 quaenam
544 2385 613 2436 sit
654 2384 902 2439 definitio
946 2386 1286 2456 quaestionis
1341 2385 1500 2452 fidei,
1553 2402 1686 2436 num
1728 2401 1797 2437 ea
1835 2390 2083 2449 tanturn,
2138 2401 2246 2453 qua
2286 2381 2497 2452 aliquid

213 2469 322 2522 fide
367 2470 555 2522 divina
598 2469 942 2523 credendum
998 2471 1360 2540 proponitur,
1417 2488 1487 2522 311
1530 2487 1629 2523 030
1672 2487 1923 2540 quoque,
1985 2468 2183 2540 quibus
2237 2467 2306 2520 de
2347 2466 2494 2519 facto

216 2556 530 2626 dogmatico
574 2556 909 2624 decernitur,
953 2565 1048 2610 aut
1089 2574 1322 2610 censura
1363 2557 1542 2609 minor
1583 2556 1730 2609 infra
1770 2555 2048 2609 haeresim
2088 2554 2358 2624 infligitur
2391 2556 2496 2606 eto.

216 2642 327 2696 Sed
382 2642 510 2695 huic
568 2642 899 2696 dubitationi
957 2662 1055 2713 per
1109 2661 1205 2711 ea,
1267 2661 1408 2714 quae
1463 2642 1530 2695 de
1584 2641 1800 2695 obiecto
1853 2641 2268 2695 infallibilitatis
2309 2638 2497 2691 addita

215 2735 370 2795 sunt,
427 2735 693 2798 quantum
737 2729 825 2781 hic
868 2729 997 2781 satis
1039 2734 1148 2797 est,
1204 2729 1593 2799 respondetur.
1674 2727 1732 2781 Si
1774 2728 1921 2780 enim
1972 2728 2029 2778 in
2070 2726 2178 2779 alia
2219 2724 2496 2778 Constitu--

218 2816 367 2867 tione
411 2814 690 2868 obiectum
733 2814 1145 2868 infallibilitatis
1186 2815 1472 2868 Ecclesiae
1515 2813 2007 2880 determinabitur,
2064 2829 2129 2865 eo
2167 2811 2286 2882 ipso
2330 2810 2487 2863 etianz

218 2901 498 2954 obiectum
539 2901 951 2954 infallibilitatis
993 2902 1235 2954 Romani
1265 2900 1551 2954 Pontificis
1593 2899 1985 2953 declarabitur.
2042 2898 2140 2951 Sin
2181 2913 2313 2950 vero
2342 2894 2489 2948 nulla

216 2988 344 3040 talis
387 2987 633 3039 definitio
677 2987 804 3054 fiet,
861 2987 922 3040 de
961 2987 1139 3040 obiecto
1179 2988 1230 3039 ‘m'
1267 2987 1428 3039 lenius
1467 2986 1654 3040 decreti
1690 2984 2039 3038 iudicandum
2078 2984 2176 3036 erit
2211 2980 2490 3035 secundum

217 3092 291 3139 ea,
331 3090 463 3144 quae
500 3091 640 3126 mmo
678 3075 783 3126 iam
829 3073 891 3126 de
929 3074 1185 3126 Ecclesiae
1223 3073 1601 3142 ‘iyqfullibila'tate
1639 3073 1980 3125 communiter
2018 3074 2281 3123 tenentur:
2320 3084 2492 3136 nempe

218 3159 409 3229 dogyma
437 3159 574 3228 fidei
610 3177 736 3225 6336,
787 3160 1093 3213 Romanum
1134 3160 1435 3228 Pontefieem
1489 3177 1594 3212 non
1639 3176 1789 3228 posse
1839 3173 2045 3222 errare,
2096 3172 2266 3225 quum
2318 3152 2494 3205 divina

210 3245 325 3315 fide
364 3244 617 3297 credenda
662 3247 937 3316 proponit,
981 3253 1033 3298 et
1074 3246 1335 3316 tlceoloqe‘ee
1374 3251 1568 3297 certum
1605 3262 1719 3312 esse,
1758 3261 1874 3297 eum
1914 3243 2067 3294 etiam
2105 3241 2162 3292 in
2202 3239 2324 3292 allis
2348 3237 2497 3291 rebus

220 3330 555 3384 declarandis
595 3331 659 3384 ab
699 3349 872 3384 errore
911 3333 1199 3384 immunem
1236 3349 1353 3384 6336.
1434 3330 1598 3383 Unde
1640 3335 1823 3402 patet,
1879 3344 1979 3398 per
2020 3326 2161 3378 hanc
2202 3323 2497 3378 formulam

223 3434 324 3469 1100
366 3417 490 3487 plus
532 3434 634 3469 nec
677 3418 857 3469 minus
899 3416 1133 3486 definiri,
1177 3435 1341 3487 quam
1383 3417 1437 3468 in
1481 3417 1632 3487 prius
1674 3413 1956 3487 proposita
1997 3410 2347 3474 definiretur3
2401 3406 2498 3460 sed

222 3521 322 3574 per
363 3503 506 3554 hanc
540 3501 836 3556 formulam
879 3503 1197 3573 genericam
1239 3503 1402 3554 vitari
1444 3501 1704 3555 videntur
1744 3496 2096 3552 incommoda
2137 3495 2409 3566 quaedam
2442 3493 2499 3545 in

224 3589 398 3659 priori
439 3607 469 3640 a
510 3589 792 3641 nonnullis
834 3589 1113 3641 inventaf‘
1139 3588 1157 3619 3

379 3783 392 3809 1
431 3783 511 3830 Ex
549 3784 678 3831 actis
718 3788 816 3831 etc.
888 3782 943 3830 O.
983 3782 1046 3829 V.
1090 3782 1274 3829 16863.
1316 3806 1376 3811 -—
1414 3780 1493 3826 Ex
1532 3777 1727 3825 diurnis
1766 3782 1863 3824 etc.
1925 3776 1980 3825 C.
2018 3775 2080 3823 V.
2123 3775 2307 3821 17013.

379 3860 394 3887 ²
433 3861 711 3909 Formulae
749 3866 854 3909 tres
891 3877 983 3924 pro
1023 3859 1384 3908 emendatione
1422 3857 1604 3918 capitis
1643 3855 1815 3918 quarti
1853 3860 1948 3903 etc.
2022 3853 2075 3902 O.
2114 3851 2176 3900 V.
2220 3851 2398 3898 1644a.

379 3941 394 3966 ³
434 3940 564 3987 [bid.
639 3940 693 3989 C.
732 3940 793 3987 V.
838 3942 963 3987 1644
981 3956 1019 3986 0.
