2548 4290
919 926 1487 1039 INDEX.

2231 1170 2306 1198 ΡΨ*

103 1218 590 1278 Prolegomena.

137 1294 175 1339 1.
214 1293 372 1348 Quem
409 1294 633 1340 ordinem
672 1292 951 1340 Concilium
990 1292 1293 1338 Vaticanum
1341 1292 1389 1337 in
1439 1290 1713 1337 condendis
1760 1290 1976 1336 decretis
2023 1305 2123 1335 ser-

279 1369 472 1416 vaverit
499 1408 508 1415 .
645 1407 653 1415 .
792 1407 798 1413 .
938 1408 945 1415 .
1084 1407 1091 1414 .
1232 1406 1238 1413 .
1378 1405 1385 1413 .
1524 1406 1532 1413 .
1672 1406 1679 1412 .
1818 1405 1825 1412 .
1964 1404 1971 1411 .
2110 1403 2118 1410 .
2293 1367 2312 1409 1

105 1445 172 1491 II.
210 1445 250 1490 Ε
288 1445 468 1506 quibus
507 1446 821 1492 documentis
860 1444 1295 1492 Constitutionum
1334 1443 1698 1504 explicationes
1731 1443 1827 1488 hoc
1874 1442 2001 1490 libro
2041 1457 2122 1501 pe-

276 1524 449 1567 tantur
503 1559 510 1568 .
647 1559 653 1566 .
793 1560 800 1568 .
938 1559 945 1567 .
1084 1559 1091 1566 .
1231 1559 1237 1565 .
1377 1557 1385 1565 .
1524 1557 1531 1564 .
1671 1557 1677 1564 .
1818 1557 1825 1564 .
1964 1556 1971 1563 .
2112 1556 2119 1564 .
2288 1522 2315 1562 ὃ

913 1847 1147 1916 PARS
1200 1846 1499 1914 PRIOR.

107 1987 788 2059 CONSTITUTIONIS
836 1986 1366 2059 DOGMATIGAE
1414 1987 1520 2056 DE
1567 1986 1761 2056 FIDE
1803 1985 2319 2057 EXPLIOATIO.

903 2267 1151 2321 CAPUT
1193 2267 1516 2320 PRIMUM.

112 2383 339 2430 Historia
376 2384 580 2443 originis
619 2382 1008 2430 Constitutionis
1047 2384 1106 2430 de
1143 2384 1239 2430 fide
1276 2388 1324 2430 et
1362 2384 1647 2429 conciliaris
1686 2384 1794 2429 eius
1832 2387 2124 2445 comproba-

275 2459 425 2505 tionis
500 2497 508 2505 .
645 2498 653 2506 .
793 2499 800 2506 .
939 2498 946 2506 .
1085 2498 1092 2506 .
1233 2499 1240 2506 .
1379 2498 1385 2504 .
1526 2499 1532 2505 .
1674 2499 1679 2505 .
1821 2500 1826 2506 .
1967 2500 1972 2505 .
2114 2500 2120 2507 .
2264 2465 2313 2507 ll

869 2611 1118 2666 CAPUT
1160 2612 1542 2666 AL'PERUM.

104 2731 403 2792 Aliquorum
442 2731 665 2778 locorum
704 2730 1095 2777 Constitutionis
1133 2731 1192 2776 de
1229 2730 1324 2776 fide
1363 2732 1565 2777 uberior
1602 2732 1890 2791 explicatio.

170 2806 644 2854 Commentatio
683 2808 722 2853 Ι.
791 2808 864 2853 De
903 2807 1045 2853 initio
1086 2808 1264 2867 capitis
1302 2808 1447 2867 primi
1475 2807 1867 2854 Constitutionis
1906 2809 1965 2854 de
2001 2809 2119 2854 fido:

280 2882 489 2942 „Sancta
525 2883 774 2930 catholica
808 2883 1105 2943 Apostolica
1141 2883 1364 2929 Romana
1407 2881 1655 2929 l<lcclesia“
1818 2920 1825 2928 .
1967 2922 1974 2928 .
2114 2923 2121 2930 .
2259 2889 2317 2930 22)

171 2959 312 3006 Com
330 2960 650 3006 mentatio
689 2960 754 3006 ΙΙ.
826 2961 897 3005 De
946 2959 1283 3021 possibilitate
1320 2964 1488 3006 certae
1535 2961 1782 3006 naturalis
1820 2961 2123 3020 cognitionis

279 3036 370 3082 Dei
405 3052 435 3082 a
472 3036 695 3083 Concilio
734 3036 937 3082 definita
1087 3073 1095 3082 .
1234 3074 1241 3081 .
1381 3074 1388 3081 .
1526 3075 1534 3082 .
1673 3075 1680 3082 .
1821 3075 1829 3083 .
1966 3073 1972 3080 .
2114 3076 2120 3082 .
2259 3040 2317 3082 :32

171 3115 639 3163 Commentatio
678 3117 775 3163 ΙΙΙ.
847 3116 978 3172 Quid
1015 3115 1295 3163 Concilium
1335 3116 1641 3163 Vaticanum
1680 3116 1740 3163 de
1778 3117 1824 3164 S.
1863 3118 2124 3178 Scriptura

280 3192 527 3240 definierit
645 3232 652 3238 .
792 3231 799 3239 .
940 3233 947 3238 .
1522 3231 1530 3238 .
1669 3232 1675 3238 .
1816 3232 1822 3239 .
1965 3233 1972 3240 .
2258 3198 2315 3240 47

173 3266 644 3316 Commentatio
687 3269 771 3315 [V.
833 3268 970 3314 Sitne
1006 3284 1035 3314 a
1061 3267 1285 3315 Concilio
1315 3267 1591 3328 definitum,
1619 3284 1718 3327 eos,
1749 3271 1832 3330 qui
1858 3270 2003 3317 fidem
2031 3273 2121 3318 sub

279 3344 534 3391 Ecclesiae
571 3345 861 3405 magisterio
900 3344 1241 3404 susceperint,
1281 3345 1385 3390 sine
1422 3348 1630 3405 peccato
1661 3346 1877 3404 formali
1911 3347 2118 3393 eandem

279 3419 422 3466 fidem
462 3425 659 3469 mutare
694 3421 773 3467 vel
809 3421 860 3467 in
899 3421 1102 3468 dubium
1141 3435 1323 3467 vocare
1358 3436 1457 3466 non
1495 3436 1676 3481 posse.
1816 3461 1822 3468 .
1959 3457 1971 3469 .
2111 3463 2118 3470 .
2258 3425 2314 3467 (jl

888 3556 1136 3611 CAPUT
1170 3558 1533 3612 TERTIUM.

112 3672 228 3732 Ipsa
266 3672 571 3720 Constitutio
621 3676 904 3735 dogmatica
952 3677 1011 3723 dc
1057 3677 1154 3723 fidc
1201 3677 1448 3724 catholica
1495 3678 1908 3725 adnotationibus
1947 3679 2187 3724 subiectis

283 3749 532 3810 explicata
634 3789 641 3797 .
781 3789 788 3797 .
927 3790 934 3798 .
1074 3791 1081 3799 .
1220 3791 1226 3797 .
1368 3792 1374 3799 .
1515 3792 1520 3799 .
1661 3791 1669 3800 .
1810 3793 1817 3800 .
1957 3793 1964 3800 .
2107 3793 2113 3800 .
2254 3758 2316 3800 To
