2548 4290
183 104 286 156 152
353 105 467 146 Pars
498 104 557 146 ΙΙ.
614 102 769 145 Const.
804 101 859 143 de
892 103 1014 144 Eccl.
1080 101 1191 156 Cap.
1225 102 1283 143 ΙΙ.
1341 100 1757 145 Commentationes
1792 102 1846 143 de
1879 103 2115 157 aliquibus
2147 104 2276 146 locis.

184 268 359 321 „quae
415 248 638 319 quidem
700 253 980 317 postrema
1039 248 1209 301 verba
1264 248 1342 301 ita
1382 265 1501 301 esse
1542 247 1909 319 intelligenda
1950 248 2322 314 declaramus,
2376 256 2453 318 ut,

179 353 320 406 quae
360 336 416 386 in
457 334 561 386 hoc
602 333 827 387 decreto
870 334 1251 400 continentur,
1306 333 1472 386 etiam
1523 351 1623 403 per
1673 339 1830 404 gesta
1871 333 2250 388 Conciliorum
2291 352 2452 389 oecu-

178 421 519 473 menicorum
561 423 616 472 et
654 436 837 473 sacros
880 437 1118 473 canones
1159 418 1508 471 asserantur“
1536 416 1571 470 ¹.
1626 420 1847 472 Tertius
1888 419 2112 490 quidam
2154 420 2292 473 nihil
2329 438 2454 491 pro·

177 505 350 575 ponit,
392 504 489 556 sed
529 509 747 557 textum
787 523 899 558 non
940 504 1165 575 quidem
1205 504 1456 571 latinum,
1497 503 1594 557 sed
1636 522 1898 575 graecum
1939 523 2105 558 sensu
2145 507 2453 561 restrictivo

178 589 565 661 accipiendum
606 608 726 643 esse
757 590 995 661 probare
1036 590 1239 643 studet.
1312 589 1411 658 „In
1451 608 1563 643 una
1599 591 2026 660 praeteritarum
2057 590 2455 662 Congregatio-
2497 661 2503 667 ι

177 692 310 727 num
332 674 733 744 generalium“,
762 676 958 746 inquit,
986 675 1375 744 „dignissimus
1397 674 1620 745 quidam
1642 675 1874 729 Praesul
1896 694 2006 729 non
2028 676 2185 729 brevi
2207 677 2455 731 oratione

177 758 482 812 conabatur
522 759 920 827 demonstrare,
962 759 1136 814 verba
1175 760 1274 813 illa
1314 777 1434 813 esse
1475 760 1885 813 confirmatoria
1924 762 2210 830 potestatis
2244 761 2457 816 Summi

177 844 465 897 Pontificis
494 863 565 898 ex
596 863 680 912 e0,
711 845 860 916 quod
889 864 970 913 ea,
1000 846 1080 897 uti
1108 847 1312 916 passim
1338 851 1659 909 noscuntur,
1689 846 1767 898 ita
1791 847 2141 917 reperiantur
2170 848 2374 919 scripta
2399 849 2456 902 in

178 930 486 1000 exemplari
517 931 772 1001 originali
794 931 1115 984 authentico
1139 931 1311 983 latino
1334 935 1494 984 textu
1517 931 1785 998 exhibito,
1815 931 2136 985 Florentiae
2158 938 2457 988 asservatO.

332 1015 484 1081 „Etsi
524 1015 761 1069 libenter
802 1016 1156 1078 concedatur,
1198 1016 1295 1069 illa
1334 1015 1506 1069 verba
1533 1017 1590 1069 111
1632 1016 1856 1070 decreto
1897 1017 2092 1087 lingua
2115 1018 2289 1071 latina
2331 1036 2457 1071 con·

179 1100 401 1153 cinnato
454 1101 532 1153 ita
571 1101 833 1171 reperiri,
885 1102 1071 1173 prouti
1111 1107 1381 1154 assertum
1424 1108 1534 1171 est,
1583 1120 1695 1155 non
1748 1108 1934 1156 tamen
1977 1102 2101 1156 ideo
2143 1104 2456 1157 necessario

178 1186 440 1256 consequi
483 1186 667 1253 debet,
709 1186 880 1240 verba
909 1187 1003 1239 illa
1033 1186 1230 1241 eodem
1271 1205 1436 1240 sensu
1466 1204 1759 1240 occurrere
1789 1188 1845 1240 in
1873 1192 2035 1241 textu
2062 1206 2265 1258 graeco
2294 1189 2458 1260 origi--

177 1271 291 1323 nali
333 1289 509 1342 aeque
551 1289 614 1325 ac
656 1272 1010 1339 authentico,
1064 1273 1120 1325 in
1163 1291 1270 1343 quo
1314 1290 1506 1344 passus
1546 1273 1641 1326 ille
1684 1274 2016 1344 exprimitur
2055 1274 2271 1328 verbis:
2332 1273 2457 1342 ,καθ’

178 1354 229 1406 ὃν
268 1354 442 1425 τρόπον
482 1356 561 1407 καὶ
601 1355 651 1407 ἐν
677 1359 775 1412 τοῖς
808 1358 1079 1426 πρακτικοῖς
1106 1361 1203 1407 τῶν
1245 1356 1588 1426 οἰκουμενικῶν
1630 1357 1847 1410 συνόδων
1885 1357 1965 1409 καὶ
2003 1359 2101 1414 τοῖς
2129 1358 2271 1427 ἱεροῖς
2296 1356 2460 1411 κανόσ.

179 1440 590 1511 διαλαμβάνεταιί.

332 1528 508 1594 „Nam
552 1547 721 1599 quum
762 1530 900 1583 illud
943 1529 1227 1583 decretum
1272 1530 1510 1583 Unionis
1552 1531 1721 1584 fuerit
1772 1530 2054 1584 conditum
2096 1550 2195 1602 per
2237 1537 2452 1602 pactum

179 1613 414 1666 duarum
456 1616 714 1685 partium,
756 1617 1089 1688 praesertim
1131 1617 1311 1688 quoad
1356 1622 1714 1670 controversa
1742 1622 1947 1687 puncta
1988 1619 2275 1688 potestatis
2316 1617 2454 1672 hier-

178 1700 461 1767 archicae,
515 1700 703 1754 Latini
756 1719 827 1754 ex
880 1720 978 1755 sua
1028 1707 1187 1773 parte
1240 1707 1649 1774 proposuerunt
1696 1702 1778 1770 id,
1832 1703 1982 1773 quod
2032 1721 2065 1756 a
2105 1703 2334 1757 Graecis
2389 1703 2455 1757 de

179 1785 429 1838 Primatu
460 1786 670 1840 Summi
699 1787 986 1841 Pontificis
1029 1789 1256 1858 agnosci
1286 1794 1341 1842 et
1370 1789 1548 1842 teneri
1577 1788 1978 1856 desiderarent,
2022 1794 2078 1843 et
2105 1808 2274 1861 quum
2302 1789 2456 1843 iuxta

178 1872 538 1942 proverbium
578 1874 647 1925 sit
688 1875 950 1945 ,optimus
992 1876 1266 1946 interpres
1309 1875 1606 1928 verborum
1645 1875 1880 1945 quisque
1920 1874 2180 1943 suorum‘,
2223 1893 2323 1946 pro
2351 1874 2458 1928 La-

178 1958 305 2010 tinis
348 1959 530 2029 quoad
571 1978 668 2013 sua
709 1961 989 2032 postulata
1030 1962 1178 2032 ipsos
1220 1979 1338 2015 esse
1381 1961 1618 2030 optimos
1647 1961 1982 2032 interpretes
2016 1979 2207 2015 sensus
2250 1960 2458 2015 decreti

178 2044 482 2097 secundum
523 2045 770 2116 ipsorum
810 2046 1179 2100 intentionem
1222 2046 1289 2100 de
1334 2051 1606 2117 potestate
1648 2046 1861 2100 Summi
1900 2046 2188 2100 Pontificis
2239 2047 2459 2100 concin-

178 2129 310 2196 nati,
353 2147 415 2182 ac
444 2131 605 2200 proin
634 2132 878 2201 ipsorum
908 2137 1126 2186 textum
1156 2132 1340 2203 quoad
1371 2133 1509 2185 hanc
1541 2137 1755 2202 partem
1785 2131 1995 2185 decreti
2034 2149 2153 2186 esse
2183 2132 2459 2186 authenti-

180 2231 306 2266 cum
347 2216 578 2269 concedi
620 2223 820 2287 potest.

333 2300 411 2368 „E
455 2307 648 2355 contra
700 2320 832 2356 vero
876 2304 1121 2356 Graecos
1176 2321 1248 2356 ex
1304 2303 1474 2356 allata
1526 2320 1689 2356 causa
1732 2320 1850 2356 esse
1903 2303 2236 2373 interpretes
2279 2303 2457 2356 inten-

178 2386 346 2439 tionis
385 2405 517 2440 suae
560 2388 785 2442 decreto
842 2390 937 2443 illo
979 2407 1311 2461 expressae,
1368 2394 1424 2443 et
1475 2390 1721 2461 ipsorum
1763 2394 1982 2442 textum
2022 2407 2143 2442 esse
2185 2389 2460 2442 authenti·

182 2491 307 2526 cum
348 2475 531 2544 quoad
573 2480 788 2545 partem
831 2476 1067 2543 decreti,
1120 2494 1262 2547 quae
1315 2477 1539 2529 illorum
1592 2475 2029 2529 declarationem
2079 2486 2133 2528 ct
2184 2476 2462 2546 postulata

179 2559 419 2630 respicit,
451 2579 684 2630 quorum
711 2563 1017 2631 genuinum
1048 2581 1269 2615 sensum
1298 2562 1470 2615 verba
1498 2580 1701 2632 graeca
1730 2562 1983 2633 superius
2014 2561 2181 2615 citata
2210 2562 2460 2633 apprime

181 2646 580 2716 exprimerent,
622 2646 939 2701 addubitari
981 2667 1092 2701 non
1132 2654 1337 2720 posset.
1411 2648 1555 2701 Nam
1595 2649 1677 2701 illi
1720 2648 1927 2701 debent
1967 2648 2296 2701 naturaliter
2337 2665 2461 2718 sup-

181 2732 314 2802 poni
368 2737 422 2785 et
462 2734 688 2787 scivisse
730 2735 940 2806 optime
986 2753 1085 2787 sua
1137 2753 1297 2788 sensa
1350 2740 1405 2788 et
1457 2734 1799 2806 expressisse
1842 2734 2086 2804 genuine
2139 2751 2237 2787 sua
2278 2739 2463 2803 postu-

180 2817 311 2870 lata.
391 2818 551 2872 Haec
592 2820 854 2873 videntur
896 2821 1213 2874 confirmari
1254 2822 1422 2874 etiam
1465 2839 1564 2891 per
1605 2839 1699 2887 ea,
1742 2838 1884 2891 quae
1926 2820 2191 2890 leguntur
2230 2821 2287 2872 in
2328 2819 2462 2873 actis

184 2903 419 2956 Concilii
459 2904 770 2958 Florentini
812 2906 1026 2960 Romae
1077 2924 1223 2960 anno
1269 2908 1411 2960 1865
1465 2907 1626 2960 editis
1678 2925 1731 2977 p.
1775 2908 1881 2958 265
1930 2905 2016 2958 his
2067 2904 2283 2958 verbis:
2336 2904 2462 2972 ,Re-

182 2989 406 3060 spondit
434 2989 762 3060 Imperator,
806 2993 1046 3063 spatium
1087 2992 1232 3045 velle
1274 2991 1379 3045 sibi
1420 2991 1539 3044 dari
1579 2992 1650 3044 ad
1688 2989 2133 3054 consultandum,
2169 2990 2461 3061 statimque

181 3080 306 3143 post
361 3092 610 3144 egressos
662 3075 987 3130 Cardinales
1040 3095 1140 3130 nos
1196 3077 1488 3130 consilium
1542 3076 1802 3129 inivimus
1854 3075 2345 3145 decrevimusque,
2404 3079 2463 3127 ut

182 3160 340 3231 Papa
392 3160 597 3214 habeat
648 3179 746 3214 sua
799 3163 1096 3233 privilegia
1149 3162 1457 3216 secundum
1514 3179 1753 3215 canones
1811 3167 1865 3214 et
1918 3160 2065 3213 dicta
2116 3160 2461 3226 Sanctorum,

184 3245 521 3316 Sacramque
564 3246 906 3318 Scripturam
949 3256 1003 3301 et
1044 3254 1167 3302 acta
1205 3246 1667 3320 Synodorum‘,“2
1730 3247 1830 3301 Est
1871 3265 2004 3316 ergo
2047 3264 2114 3300 ea
2153 3247 2292 3300 mira
2330 3263 2461 3300 sane

182 3332 345 3384 huius
373 3332 555 3385 Patris
597 3333 797 3403 opiniO,
840 3333 1070 3387 Latinos
1113 3340 1167 3388 et
1196 3334 1440 3387 Graecos
1482 3333 1818 3387 sententiam
1858 3332 2008 3384 illam
2039 3330 2256 3385 diverso
2298 3348 2460 3385 sensu
2507 3348 2509 3351 ·

182 3418 527 3472 intellexisse
568 3423 735 3490 atque
776 3419 913 3472 alios
955 3420 1107 3472 aliud
1150 3419 1483 3473 definivisse.

332 3503 504 3557 Rffius
545 3504 775 3571 Zinelli,
816 3504 1001 3575 Episc.
1043 3505 1385 3572 Tarvisinus,
1429 3505 1523 3576 qui
1566 3503 1633 3557 de
1676 3502 2161 3556 emendationibus
2200 3502 2256 3554 in
2297 3505 2461 3572 caput

185 3589 411 3641 tertium
454 3607 485 3641 a
513 3589 775 3642 Patribus
815 3590 1112 3660 propositis
1153 3590 1483 3643 relationem
1525 3588 1735 3654 habuit,
1778 3588 1955 3658 primo
1997 3586 2079 3639 illi
2120 3585 2461 3640 emendatori

338 3780 351 3806 ¹
391 3781 795 3830 Emendationes
835 3790 930 3830 etc.
1006 3782 1062 3831 O.
1101 3783 1162 3831 V.
1203 3784 1361 3831 334b.
1391 3800 1432 3831 c.

336 3857 352 3885 ²
389 3860 521 3907 Ibid.
571 3860 626 3909 C.
653 3860 716 3908 V.
744 3863 884 3908 3363
911 3875 1022 3924 sqq.
1062 3887 1124 3893 —-
1161 3861 1305 3909 Idem
1332 3860 1489 3908 Pater
1526 3860 1759 3908 ordinem
1800 3860 1997 3908 sedium
2037 3856 2459 3922 patriarchalium

187 3951 250 3983 ex
287 3935 589 3984 Florentino
628 3938 836 3986 decreto
874 3938 925 3985 in
960 3938 1273 3986 Vaticanum
1311 3939 1469 4001 recipi
1508 3938 1635 3986 vult.
1707 3937 1839 3986 Ibid.
1901 3936 1958 3984 C.
1994 3936 2056 3982 V.
2096 3935 2236 3983 334d
2273 3950 2382 3997 sqq.
