2548 4290
292 159 535 201 Comment.
566 159 647 200 IV.
704 159 955 200 Florentini
988 159 1042 200 de
1073 161 1121 199 vi
1153 171 1205 200 ac
1235 162 1406 199 ratione
1436 159 1661 199 Primatus
1694 158 1890 199 definitio
1923 162 2115 210 recepta.
2205 157 2301 206 151

98 300 314 353 modum
353 299 534 351 etiam‘
575 299 928 367 depromptiS,
969 316 1089 350 cum
1117 300 1553 361 hermeneuticiS,
1594 300 1764 368 iisque
1806 299 2001 367 partim
2040 314 2306 366 gramma-

97 383 231 447 tiois,
271 384 466 452 partim
505 382 709 451 logiciS,
750 383 947 451 partim
987 383 1271 447 historiciS,
1313 389 1366 434 et
1407 383 1602 451 partim
1641 383 1977 451 theologiciS,
2018 379 2306 443 refellitur,

94 465 436 536 reprobatam
486 483 700 534 semper
739 465 903 518 fuisse
953 467 1223 518 communi
1261 465 1460 517 iudicio
1511 465 1890 534 theologorum
1940 470 2101 534 atque
2141 464 2306 514 inter-

94 555 334 619 pretum,
388 566 485 617 per
525 566 658 617 quos
697 549 866 600 verba
903 549 999 600 illa
1037 548 1354 617 accipienda
1394 555 1517 600 sunt
1556 567 1664 601 non
1715 549 1781 601 de
1820 549 2049 600 iuridica
2086 562 2305 616 praece-

43 700 46 704 .
94 631 336 683 dentium
374 630 697 682 limitatione
737 632 851 683 sive
893 631 961 683 de
990 631 1317 684 definitionis
1359 631 1587 697 obiectO,
1628 631 1724 683 sed
1752 631 1818 683 de
1858 630 2112 682 historica
2151 645 2306 698 prae-

94 713 398 766 cedentium
451 714 858 766 confirmatione
914 715 1027 766 sive
1084 714 1151 766 de
1204 714 1533 767 definitionis
1580 715 1820 778 ratione,
1872 712 2173 765 cuiusmodi
2222 729 2307 764 re-

37 808 40 810 ‘
92 798 255 850 currit
317 797 373 848 in
435 797 681 865 generali
735 797 977 849 Concilio
1030 798 1388 849 Lateranensi
1439 797 1507 850 V.
1571 798 1636 850 de
1701 798 2020 849 auctoritate
2071 794 2306 848 Romani

92 880 367 932 Pontificis
419 897 580 947 super
627 879 889 932 Concilia.
931 920 941 931 .
986 920 996 931 .
1060 881 1232 932 Porro
1283 881 1339 931 in
1388 881 1674 932 schematis
1725 880 1901 948 capite
1956 879 2023 930 ad
2076 877 2304 930 Concilii

89 962 390 1015 Florentini
432 962 819 1026 definitionem,
860 968 920 1014 ut
958 981 1056 1032 par
1095 968 1192 1028 est,
1233 964 1557 1032 appellatur,
1599 981 1706 1015 non
1745 980 1874 1015 vero
1915 962 1983 1013 ad
2023 961 2305 1027 rationem,

89 1064 193 1116 qua
233 1045 473 1098 definitio
523 1046 773 1097 innititur
825 1046 911 1097 vel
954 1046 1315 1098 confirmatur.
1393 1046 1517 1098 Non
1569 1054 1684 1098 erat
1734 1063 1863 1114 ergo
1904 1045 2130 1097 incisum
2169 1043 2305 1095 illud

89 1128 476 1181 afferendum.“
506 1127 518 1160 ¹

229 1216 473 1268 Fuerunt
510 1222 691 1268 autem
731 1216 872 1267 inter
911 1216 1136 1281 PatreS,
1191 1217 1282 1285 qui
1322 1217 1691 1269 definitionem
1732 1216 2035 1268 Florentini
2075 1213 2305 1267 Concilii

88 1300 356 1368 integram
396 1304 558 1368 atque
599 1300 938 1352 immutatam
979 1300 1347 1369 recipiendam
1388 1318 1505 1353 esse
1546 1306 1846 1353 censerent.
1901 1299 2080 1359 Quare
2109 1299 2302 1349 Patres

90 1383 349 1453 deputati,
390 1401 553 1452 quum
595 1384 813 1435 schema
853 1384 1210 1435 emendarent
1250 1401 1344 1435 seu
1386 1384 1604 1435 schema
1644 1383 2056 1436 Constitutionis
2096 1381 2302 1450 primae

88 1466 154 1519 de
193 1466 440 1519 Ecclesia
486 1466 855 1530 elaborarent,
911 1468 1079 1518 verba
1125 1474 1210 1534 „et
1250 1467 1481 1518 iudicem
1523 1467 1865 1535 supremum“
1912 1467 2209 1517 omiserunt
2249 1468 2304 1515 et

88 1550 486 1602 conclusionem
543 1550 1026 1619 „quemadmodum
1077 1551 1241 1601 etiam
1297 1551 1432 1602 etc.“
1490 1549 1872 1602 addiderunt2.
1951 1549 2033 1600 De
2088 1547 2305 1599 conclu-

86 1633 233 1686 sione
277 1633 377 1685 hac
414 1634 470 1684 in
509 1650 573 1685 ea
611 1634 891 1699 relatione,
933 1651 1092 1702 quam
1135 1633 1199 1685 de
1241 1640 1353 1685 toto
1394 1634 1667 1686 schemate
1696 1635 1910 1686 nomine
1939 1630 2304 1701 deputationis

86 1716 290 1782 habuit,
329 1715 463 1768 haec
491 1716 872 1768 animadvertit
899 1716 1066 1768 Rfflus
1093 1716 1272 1786 Episc.
1302 1718 1685 1769 Pictaviensis:
1731 1717 1942 1783 „Cei-te,
1984 1716 2027 1767 si
2053 1716 2108 1766 in
2136 1713 2304 1783 priori

86 1800 360 1870 proposito
400 1800 674 1851 schemate
716 1800 897 1868 aliqua
920 1800 1110 1851 ultima
1137 1799 1306 1852 verba
1347 1801 1540 1852 omissa
1569 1800 1800 1866 fuerant,
1841 1800 1964 1851 ideo
2005 1803 2136 1861 erat,
2178 1797 2303 1866 quia

88 1900 119 1934 a
167 1882 411 1951 pluribus
465 1884 519 1933 in
572 1883 771 1934 malam
819 1889 1029 1951 partem
1081 1900 1236 1935 versa
1287 1883 1519 1937 fuerant.
1597 1884 1668 1936 Et
1722 1883 1822 1935 hac
1874 1883 2055 1934 forsan
2095 1881 2302 1931 ratione

86 1967 244 2033 moti,
296 1966 579 2036 quingenti
618 1966 874 2035 Episcopi
926 1969 980 2019 in
1021 1967 1163 2019 alma
1203 1967 1353 2019 Urbe
1406 1967 1473 2019 ob
1515 1967 1776 2019 solemnia
1827 1966 2125 2017 saecularia
2166 1981 2302 2014 mar-

85 2050 212 2119 tyrii
251 2055 560 2101 sanctorum
600 2050 986 2118 Apostolorum
1015 2049 1185 2101 tribus
1225 2049 1421 2101 abhinc
1463 2051 1615 2102 annis
1644 2049 1962 2119 congregati
2001 2047 2145 2099 idem
2186 2063 2302 2097 ora-

86 2133 264 2184 culum
293 2133 670 2185 Florentinum
711 2134 765 2184 in
805 2133 1043 2185 medium
1083 2133 1444 2203 protulerunt,
1485 2134 1614 2202 quin
1655 2133 1928 2185 clausulae
1966 2132 2110 2182 illius
2149 2147 2303 2199 prae-

85 2216 421 2268 termissione
458 2217 817 2286 suspicionem
860 2234 920 2267 ac
961 2217 1212 2267 iniuriam
1253 2216 1639 2268 falsificationis
1679 2222 1772 2268 aut
1816 2213 2301 2284 reprehendendae

84 2299 433 2351 mutilationis
473 2299 573 2350 sibi
613 2299 935 2351 inurendam
963 2300 1426 2369 pertimescerent.
1479 2300 1858 2364 Nihilominus,
1899 2300 1953 2350 in
1983 2299 2148 2350 hocce
2179 2314 2301 2347 con-

85 2382 254 2434 ciliari
306 2382 524 2434 decreto
574 2382 926 2435 libentissime
977 2382 1151 2434 fateor
1202 2400 1543 2452 nequaquam
1585 2383 1827 2435 subtrahi
1873 2382 2120 2434 debuisse
2162 2381 2301 2431 hanc

84 2464 256 2535 ipsam
297 2465 609 2531 clausulam,
651 2483 714 2518 eo
755 2467 927 2534 magis
968 2466 1111 2535 quod
1152 2466 1305 2517 iuxta
1345 2467 1716 2518 authenticum
1758 2466 2039 2535 exemplar
2079 2482 2108 2516 a
2148 2463 2301 2515 Vati-

13 2565 15 2567 *
84 2564 216 2599 cano
269 2547 512 2600 Concilio
568 2549 789 2600 citatum
848 2555 901 2601 et
951 2555 1322 2601 consecratum
1377 2550 1685 2601 nullatenus
1737 2551 1802 2601 de
1854 2547 2299 2618 praecedentium

82 2630 434 2697 limitatione,
482 2631 576 2683 sed
616 2632 723 2683 imo
764 2632 919 2683 iuxta
959 2633 1254 2699 genuinum
1294 2650 1510 2684 sensum
1550 2651 1704 2684 suum
1746 2633 1810 2684 de
1853 2633 2107 2684 historica
2147 2647 2301 2699 prae-

85 2713 392 2765 cedentium
432 2715 799 2782 explicatione
841 2722 894 2767 et
934 2716 1341 2767 confirmatione
1368 2718 1574 2768 cunctis
1600 2717 1958 2785 intelligenda
1998 2715 2255 2785 patebit.“
2282 2713 2300 2743 3

225 2800 290 2852 In
342 2802 562 2869 speciali
604 2801 935 2853 discussione
989 2802 1179 2870 capitis
1219 2803 1364 2853 tertii
1415 2810 1597 2854 tamen
1645 2804 1810 2872 aliqui
1851 2803 2043 2854 Patres
2083 2819 2297 2853 sensum

83 2882 347 2935 formulae
387 2884 751 2936 restrictivum
791 2901 906 2935 esse
949 2884 1361 2936 contenderunt.
1413 2885 1567 2937 Unus
1606 2886 1661 2937 id
1701 2886 1917 2955 probari
1956 2886 2031 2936 ait
2071 2884 2297 2936 Concilii

83 2965 384 3018 Florentini
433 2966 654 3018 historia
705 2972 759 3018 et
809 2966 988 3018 verbis
1042 2975 1224 3018 textus
1277 2967 1472 3020 Graeci
1530 2963 1661 3034 „mtl'
1719 2967 1767 3017 ὃν
1820 2966 2040 3035 τρτ3πον“.
2118 2967 2297 3027 Quare

81 3049 197 3101 vult
235 3049 388 3101 addi:
443 3049 636 3114 „salvis
676 3049 896 3114 iuribuS,
939 3067 1075 3118 quae
1109 3051 1472 3117 concessione,
1515 3052 1923 3117 consuetudine,
1965 3051 2297 3103 concordati-

82 3131 181 3184 bus
221 3139 315 3185 aut
362 3134 469 3185 alio
510 3150 683 3202 aequo
724 3132 882 3184 titulo
934 3133 1257 3202 quibusdam
1299 3134 1634 3187 dioecesibus
1688 3136 2003 3187 inhaerent“
2026 3136 2063 3187 ⁴.
2139 3133 2297 3186 Alius

83 3221 300 3282 contra,
358 3233 426 3268 ne
480 3215 648 3268 verba
686 3233 972 3285 perperam
1027 3233 1185 3267 sensu
1225 3218 1527 3270 restrictivo
1569 3219 1933 3287 explicentur,
1989 3218 2115 3269 addi
2155 3217 2295 3268 vult:

234 3426 244 3450 ¹
284 3426 494 3473 Schema
530 3432 624 3475 etc.
694 3428 748 3475 O.
787 3429 845 3475 V.
884 3428 1024 3475 ‹313d
1062 3444 1134 3490 sq.
1172 3458 1234 3464 --
1270 3431 1532 3491 Dollinger
1578 3433 1865 3491 contendit,
1908 3432 2176 3478 lectionem
2212 3446 2297 3492 ge-

81 3499 286 3546 nuinam
328 3505 499 3548 textus
534 3502 679 3549 latini
715 3519 816 3550 non
854 3520 961 3550 esse
991 3505 1445 3566 „quemadmodum
1481 3507 1681 3566 etiam‘,
1719 3508 1805 3554 sed
1844 3507 2296 3568 „quemadmodum

86 3573 184 3622 et“.
254 3576 314 3625 V.
361 3578 469 3624 eius
520 3579 782 3639 epistolam
834 3579 885 3626 C.
924 3580 984 3625 V.
1027 3582 1149 3627 1475
1170 3582 1217 3629 b.
1246 3597 1285 3628 c.
1354 3582 1480 3628 Eum
1520 3584 1777 3643 praeclare
1825 3583 2016 3630 refutat
2064 3582 2295 3631 Cecconi.

81 3648 142 3695 V.
176 3650 229 3698 O.
266 3651 326 3699 V.
368 3653 534 3699 1480b
572 3669 679 3716 sqq.

214 3727 229 3754 ²
266 3729 344 3775 Ex
391 3731 516 3777 actis
568 3738 664 3779 etc.
734 3732 788 3780 O.
825 3733 884 3780 V.
927 3736 1106 3782 lssSOa.
1145 3761 1201 3767 -
1241 3736 1452 3784 Schema
1499 3742 1594 3785 etc.
1665 3738 1716 3785 O.
1755 3739 1815 3785 V.
1853 3740 2011 3787 2711).
2049 3767 2108 3772 -—
2145 3738 2290 3786 Rela-

79 3801 152 3849 tio
190 3806 283 3850 etc.
354 3803 407 3851 G.
444 3805 505 3851 V.
545 3808 697 3855 276b.

225 3876 241 3904 ³
277 3878 476 3927 Relatio
515 3886 608 3928 etc.
680 3881 733 3929 C.
771 3883 830 3928 V.
872 3884 962 3930 294
980 3885 1009 3931 d
1046 3900 1118 3946 sq.
1297 3886 1315 3912 ³*
1350 3887 1742 3935 Emendationes
1781 3893 1874 3936 etc.
1946 3890 1998 3938 O.
2037 3892 2098 3938 V.
2136 3892 2227 3938 334
2246 3907 2288 3938 a.
