2548 4290
352 178 598 220 Comment.
632 179 732 219 VII.
787 180 855 219 De
886 180 1032 220 tribus
1066 179 1372 221 Conciliorum
1404 184 1672 223 testimoniis
1705 185 1750 223 in
1784 186 1930 236 capite
1961 183 2039 224 IV.
2197 185 2293 234 171

33 374 37 381 ,
92 323 166 375 ita
203 322 305 390 ipsi
343 321 673 391 intelligunt,
714 323 903 374 volunt
942 324 1103 390 enim,
1144 341 1240 392 pro
1282 324 1394 375 sola
1421 323 1664 376 Ecclesia
1705 342 1818 377 esse
1861 330 2085 377 oratum.
2148 324 2300 384 Quae

92 404 357 475 expositio
399 404 536 456 falsa
576 412 670 457 est.

236 488 478 554 „,Altera
518 489 786 558 expositio
828 494 909 540 est
955 489 1321 558 quorundam,
1376 490 1467 559 qui
1518 490 1619 541 hoc
1660 495 1903 558 tempore
1945 492 2157 556 vivunt,
2212 490 2302 559 qui

92 571 315 636 docent,
368 571 664 623 Dominum
707 589 886 623 orasse
938 572 1039 624 hoc
1091 573 1210 625 loco
1262 590 1358 642 pro
1400 574 1804 642 perseverantia
1854 574 2018 625 solius
2057 574 2208 626 Petri
2247 574 2301 624 in

89 654 261 724 gratia
311 653 414 705 Dei
468 671 636 723 usque
692 653 759 705 ad
809 654 990 708 finem.
1076 654 1152 707 At
1207 661 1394 707 contra
1435 697 1446 708 .
1489 698 1499 708 .
1543 656 1571 706 ᾖ
1624 660 1677 707 et
1729 656 1964 725 quinque
2021 657 2195 708 allatis
2246 657 2300 707 in

45 769 51 801 3
90 736 416 789 contrarium
459 738 809 805 argumentiS,
850 738 1060 806 pergit:

236 820 382 886 „,Est
422 819 587 888 igitur
626 820 788 871 tertia
829 821 1097 888 expositio
1153 838 1311 885 vera,
1371 821 1511 889 quod
1553 821 1818 873 Dominus
1873 822 1977 873 duo
2019 822 2305 890 privilegia

88 902 249 955 Petro
289 903 614 972 impetravit.
691 903 903 969 Unum,
958 908 1017 954 ut
1069 904 1183 971 ipse
1225 921 1333 955 non
1384 908 1566 971 posset
1615 922 1852 973 unquam
1904 922 2088 956 veram
2141 904 2303 956 fidem

90 986 361 1050 amittere,
416 986 760 1054 quantumvis
800 990 1102 1037 tentaretur
1142 1003 1172 1036 a
1213 986 1458 1051 diabole,
1516 986 1570 1037 id
1623 987 1766 1055 quod
1819 992 1898 1039 est
1948 986 2153 1056 aliquid
2193 1004 2302 1038 am-

34 1068 36 1070 ’
89 1070 226 1139 plius
267 1087 427 1138 quam
470 1069 670 1121 donum
712 1070 1176 1138 perseverantiae:
1231 1069 1426 1121 dicitur
1468 1070 1611 1121 enim
1650 1088 2000 1138 perseverare
2039 1088 2208 1138 usque
2248 1070 2304 1120 in

87 1152 272 1215 finem,
324 1153 430 1220 qui,
470 1152 599 1203 licet
637 1151 911 1203 interdum
953 1154 1136 1216 cadat,
1178 1160 1359 1204 tamen
1399 1153 1634 1221 resurgit
1676 1159 1729 1204 et
1767 1154 1822 1204 in
1863 1153 1968 1205 fine
2009 1152 2183 1204 fidelis
2223 1153 2303 1203 in-

41 1240 43 1242 *
85 1236 324 1300 venitur3
369 1240 423 1287 at
462 1235 628 1287 Petro
670 1235 934 1287 Dominus
975 1236 1301 1304 impetravit,
1343 1240 1402 1286 ut
1441 1253 1550 1287 non
1591 1242 1770 1304 posset
1809 1254 2048 1305 unquam
2090 1236 2303 1301 cadere,

90 1317 230 1388 quod
285 1318 353 1370 ad
407 1318 571 1370 fidem
629 1318 838 1370 attinet.
916 1319 1167 1370 Alterum
1223 1319 1568 1387 privilegium
1620 1325 1725 1382 est,
1780 1324 1839 1370 ut
1890 1320 2005 1389 ipse
2046 1324 2302 1387 tanquam

86 1401 343 1454 Pontifex
382 1420 490 1454 non
530 1407 713 1472 posset
751 1420 989 1471 unquam
1031 1403 1225 1454 docere
1266 1403 1470 1470 aliquid
1512 1408 1700 1454 contra
1749 1402 1943 1468 fidem,
2000 1403 2110 1454 sive
2151 1406 2209 1453 ut
2250 1403 2305 1452 in

92 1484 232 1538 Sede
274 1485 388 1537 eius
428 1503 707 1555 nunquam
747 1486 1098 1551 inveniretur,
1141 1486 1231 1554 qui
1273 1485 1492 1537 doceret
1531 1491 1717 1537 contra
1757 1503 1940 1537 veram
1982 1484 2160 1537 fidem.
2221 1484 2308 1536 Ex

38 1581 40 1583 ’
89 1568 280 1638 quibus
319 1569 618 1638 privilegiis
659 1570 890 1639 primum
929 1569 1153 1620 fortasse
1193 1586 1301 1620 non
1342 1569 1581 1620 manavit
1620 1569 1688 1620 ad
1716 1573 1985 1638 posteros3
2028 1573 2082 1620 at
2121 1585 2307 1620 seeun-

87 1651 213 1703 dum
254 1653 368 1704 sine
409 1652 571 1705 dubio
613 1653 852 1705 manavit
893 1653 960 1704 ad
1000 1658 1244 1722 posteros
1286 1652 1397 1704 sive
1439 1653 1810 1704 811000880108.ι

237 1738 450 1807 „Atque
491 1744 780 1807 utrumque
821 1738 966 1790 illico
1008 1739 1287 1789 confirmat
1328 1738 1574 1789 adductis
1605 1744 1852 1789 veterum
1879 1739 2101 1789 Patrum
2146 1736 2307 1787 docu-

88 1821 298 1887 mentiS,
338 1821 529 1890 quibus
569 1826 748 1873 tamen
790 1839 886 1889 pro
928 1821 1157 1873 feliciori
1197 1826 1501 1889 temporum
1543 1821 1879 1887 conditione,
1922 1819 2066 1890 quod
2106 1819 2173 1870 ad
2215 1836 2307 1870 ex-

88 1904 298 1973 plorata
337 1905 671 1974 antiquitatis
712 1910 1060 1956 monumenta
1100 1910 1336 1973 spectat,
1393 1905 1498 1955 alia
1539 1904 1697 1956 facile
1738 1906 1960 1957 Patrum
2001 1903 2308 1955 testimonia

90 1987 214 2039 addi
254 1993 494 2057 possunt,
536 1993 589 2040 et
630 1988 816 2040 addita
855 1989 1034 2058 reipsa
1062 1987 1308 2051 fuerunt,
1352 1989 1424 2038 ita
1464 1992 1522 2038 ut
1549 1987 1856 2039 hominibus
1885 1987 2306 2039 ecclesiasticam

90 2071 437 2140 sequentibus
478 2072 787 2141 Scripturae
843 2072 1350 2140 interpretationem
1405 2071 1612 2121 nullum
1669 2070 1734 2122 de
1786 2088 1913 2123 vero
1965 2070 2122 2121 huius
2162 2069 2308 2120 testi-

90 2154 254 2206 monii
295 2171 455 2206 sensu
495 2155 716 2206 dubium
759 2172 1039 2223 superesse
1080 2154 1247 2223 possit
1287 2171 1347 2205 ac
1388 2153 1599 2205 debeat.

240 2237 370 2303 „IV.
411 2238 483 2290 Vi
523 2238 741 2290 tandem
784 2244 969 2290 carent
1009 2238 1359 2307 exceptiones
1398 2237 1734 2306 doymaticae,
1773 2236 1841 2287 ad
1881 2236 1959 2287 rei
2000 2236 2191 2304 ipsius,
2245 2234 2310 2285 de

93 2338 198 2389 qua
238 2322 532 2390 quaeritur,
574 2321 930 2373 substantiam
972 2326 1310 2390 spectantes,
1356 2321 1504 2389 quasi

241 2406 321 2469 ,,1.
363 2405 598 2474 allegata
650 2405 1015 2457 Conciliorum
1071 2405 1394 2456 documenta
1441 2403 1775 2455 referrentur
1829 2408 2039 2453 tantum
2094 2401 2162 2452 ad
2203 2400 2310 2451 Ro-

93 2487 236 2538 mani
276 2487 553 2539 Pontificis
581 2488 898 2552 Primatum,
940 2488 1250 2539 nullatenus
1291 2504 1418 2538 vero
1460 2486 1527 2537 ad
1566 2486 2010 2537 infallibilitatem
2052 2483 2311 2535 eiusdem.

93 2569 385 2622 Enimvero

244 2654 327 2720 ⁷,a)
367 2655 603 2723 allegata
630 2655 938 2706 testimonia
974 2655 1283 2707 referuntur
1309 2655 1510 2724 pariter
1536 2653 1846 2705 immediate
1887 2669 1948 2703 ac
1990 2652 2211 2715 directe,
2253 2654 2313 2700 ut

96 2736 284 2788 obvius
325 2754 511 2789 eorum
551 2754 737 2789 sensus
777 2738 997 2804 indicat,
1040 2738 1106 2789 ad
1149 2742 1349 2789 certam
1384 2738 1434 2788 in
1473 2737 1716 2788 Ecclesia
1757 2735 2023 2786 catholica
2063 2733 2188 2785 fidei
2228 2750 2311 2783 re-

96 2819 278 2887 gulam
330 2820 696 2889 credendique
747 2839 1017 2884 normam,
1075 2838 1211 2889 quae
1260 2820 1402 2888 apud
1457 2820 1611 2871 Sedis
1663 2819 1942 2870 Romanae
1983 2817 2309 2886 Episcopum

96 2902 195 2953 sita
235 2920 350 2955 esse
392 2903 641 2969 docetur3
685 2921 850 2973 quare

243 2987 330 3053 „b)
373 2988 416 3038 si
457 2987 646 3039 eadem
687 2988 1011 3052 testimonia,
1055 2987 1197 3055 quod
1238 2987 1427 3038 merito
1471 2986 1680 3051 dicitur,
1726 2985 1794 3036 ad
1834 2985 2114 3036 Romanae
2157 2981 2313 3034 Sedis

98 3069 395 3121 Primatum
451 3075 727 3139 spectant,
791 3070 1036 3140 profecto
1090 3071 1264 3122 teneri
1328 3069 1520 3135 (lebet,
1581 3086 1701 3120 cum
1753 3068 1986 3119 Romani
2039 3066 2315 3118 Pontificis

97 3152 340 3204 Primatu
395 3154 829 3222 praerogativam
885 3154 1285 3205 infallibilitatis
1350 3152 1530 3204 divino
1586 3153 1701 3203 iure
1762 3169 1876 3203 esse
1934 3150 2314 3213 coniunctam,

100 3234 233 3287 adeo
275 3242 332 3286 ut

249 3319 331 3384 „c)
358 3321 646 3385 Primatus,
674 3336 832 3388 quem
863 3319 1052 3371 beatus
1080 3320 1276 3370 Petrus
1305 3336 1334 3370 a
1361 3318 1574 3370 Christo
1599 3318 1833 3369 Domino
1864 3317 2088 3385 accepit,
2131 3333 2311 3384 quem-

100 3402 389 3454 admodum
429 3405 630 3473 apertis
671 3404 850 3455 verbis
891 3404 1119 3455 Sanctus
1153 3403 1267 3454 Leo
1308 3402 1536 3471 Magnus
1576 3402 1630 3452 in
1672 3419 1769 3453 sua
1809 3401 2037 3469 epistola
2076 3399 2144 3451 ad
2184 3399 2314 3467 Epi-

102 3501 290 3553 scopos
329 3503 425 3554 per
464 3487 709 3556 Illyriam
751 3487 1068 3537 constitutos
1110 3485 1297 3551 docet,
1352 3486 1419 3536 sit
1459 3486 1618 3536 etiam
1660 3484 1802 3549 ,fidei
1838 3483 2153 3546 Primatus‘3
2215 3482 2316 3533 fuit

102 3568 244 3619 enim
285 3569 508 3635 Petrus,
559 3575 617 3620 ut
658 3569 899 3621 eiusdem
942 3569 1125 3621 Sancti
1164 3568 1361 3620 Leonis
1408 3568 1575 3636 legati
1625 3568 1679 3617 in
1732 3566 1974 3618 Concilio
2018 3564 2314 3617 Chalcedo-

103 3651 255 3702 nensi
281 3651 406 3717 (act.
444 3651 572 3718 ΠΙ.)
616 3652 900 3704 dixerunt:
945 3650 1107 3718 ,πέτρα
1137 3650 1214 3699 καὶ
1252 3650 1420 3717 κρηπὶς
1457 3652 1543 3716 τῆς
1583 3650 1896 3713 &nostem-”fi
1937 3647 2200 3713 ἐκκλησίας,
2239 3647 2316 3696 καὶ

103 3734 188 3797 τῆς
227 3732 485 3800 ὀρθοόόξης
525 3733 725 3787 πίστεως
776 3732 1023 3799 θεμέλιος.
1075 3738 1231 3803 petra
1281 3739 1334 3785 et
1384 3733 1525 3785 basis
1575 3732 1904 3802 apostolicae
1945 3730 2220 3783 Ecclesiae
2263 3737 2318 3782 et

106 3816 441 3869 orthodoxae
498 3816 625 3868 fidei
683 3817 1132 3869 fundamentum&
1210 3817 1378 3868 Porro
1429 3817 1653 3878 Petrus,
1710 3820 1767 3866 ut
1823 3815 2010 3865 statuit
2063 3813 2317 3883 Synodus

106 3898 501 3967 AquileiensiS,
557 3901 641 3951 cui
692 3900 882 3951 aderat
932 3900 983 3952 S.
1024 3897 1376 3965 Ambrosius,
1432 3898 1572 3965 ,fidei
1629 3898 1879 3949 columna
1930 3903 1982 3949 et
2035 3896 2315 3948 Ecclesiae
