2548 4290
457 162 705 205 comment..
736 163 814 203 VI.
869 164 937 203 De
968 165 1109 204 inciso
1141 167 1299 205 canoni
1331 166 1493 217 capitis
1525 166 1645 204 tertii
1678 164 1848 206 addit-o.
2150 163 2249 213 159

3 311 197 368 -tificis
249 308 481 361 Romani
535 308 677 359 inter
726 306 1028 376 Episcopos
1082 306 1353 359 Primatus
1408 313 1647 378 potestas
1701 326 1808 360 non
1863 305 2105 359 excludit
2160 309 2252 356 aut

4 436 12 453 ,1
44 391 325 465 supprimit
362 395 688 459 potestatem
739 390 1018 457 regiminis
1059 391 1331 459 propriam
1371 390 1792 460 Episcoporum,
1846 391 1937 459 qui
1976 407 2007 441 a
2047 388 2252 457 Spiritu

4 525 8 527 .
45 473 236 535 Sancto
276 475 430 525 iuxta
469 471 793 542 Apostolum
833 472 994 541 positi
1034 478 1158 524 sunt
1196 491 1388 542 regere
1426 473 1723 525 Ecclesiam
1763 473 1895 538 Dei,
1950 478 2004 524 et
2042 471 2110 523 ad
2150 471 2250 522 hoc

43 560 96 614 i'n
133 556 535 611 consecratione
576 554 872 624 episcopali
913 555 1175 624 Spiritum
1216 556 1473 608 Sanctum
1526 556 1799 620 obtinent,
1857 554 2083 623 proinde
2122 553 2250 623 Epi-

43 641 188 713 scopi
226 657 345 692 cum
384 639 632 691 Romano
674 638 938 690 Pontifice
992 639 1267 691 coniuncti
1308 645 1361 691 et
1402 640 1451 690 ei
1502 657 1607 708 qua
1656 640 1820 691 totius
1862 639 2042 706 gregis
2083 636 2251 688 domi-

43 725 145 780 nici
173 722 458 794 principali
497 721 702 791 pastori
751 721 1091 773 subordinati
1129 740 1238 773 non
1278 722 1438 773 modo
1490 722 1842 790 particulares
1892 739 2014 772 suos
2058 737 2251 788 greges

43 811 305 879 potestate
344 805 473 856 iuris
514 805 681 856 divini
720 809 919 873 regunt
959 810 1011 856 et
1050 804 1391 873 gubernant,
1433 822 1621 856 verum
1663 805 1825 856 etiam
1867 821 1988 855 cum
2029 803 2249 854 Summo

42 889 300 944 Pontifice
339 887 760 940 sollicitudinem
799 888 963 939 totius
1002 887 1280 940 Ecclesiae
1321 888 1617 952 sustinent,
1659 893 1820 956 atque
1861 904 1958 956 pro
1998 891 2111 937 tota
2150 885 2250 936 Ec-

42 973 201 1027 clesia
249 990 369 1024 cum
410 971 632 1023 Summo
674 971 938 1022 Pontifice
990 971 1332 1039 legislatores
1382 976 1435 1023 et
1485 971 1690 1023 iudices
1741 975 1892 1036 sunt,
1950 971 2021 1021 ita
2060 974 2115 1019 ut
2153 974 2249 1019 tota

33 1061 243 1128 potestas
278 1055 542 1123 reqiminis
566 1053 815 1105 Ecclesiae
853 1055 907 1104 in
947 1054 1255 1122 Episcopatu
1292 1071 1406 1105 cam
1447 1054 1688 1121 Pontifice
1727 1053 1977 1119 Romano,
2013 1069 2102 1103 sao
2134 1051 2250 1102 Pri-

39 1145 189 1205 mate,
238 1139 502 1204 consistat,
560 1154 654 1189 seu
697 1138 941 1205 regimen
981 1137 1257 1189 Ecclesiae
1300 1137 1500 1189 Christi
1555 1139 1623 1189 sit
1661 1135 2248 1205 Petro-Apostolicum.

42 1222 156 1285 Qua
193 1222 400 1274 ratione
440 1222 602 1273 etiam
643 1221 760 1272 iura
801 1226 854 1272 et
881 1221 1169 1289 privilegia
1197 1221 1639 1273 Patriarcharum
1667 1220 2026 1283 orientalium,
2068 1235 2249 1287 quem-

40 1304 325 1359 admodum
365 1304 421 1355 in
461 1303 770 1356 definitione
810 1302 1038 1355 Concilii
1078 1304 1381 1355 Florentiui
1422 1305 1746 1368 continetur,
1786 1303 1933 1354 salva
1973 1312 2112 1353 sunt.

184 1390 300 1454 „36.
342 1388 488 1440 Loco
537 1387 729 1439 tertiae
784 1387 1139 1456 paragraphi:
1199 1387 1341 1439 Haec
1388 1394 1456 1440 est
1505 1388 1771 1439 catholicae
1823 1404 1876 1455 p.
1918 1386 1966 1438 9.
2022 1402 2250 1453 sequens

38 1472 383 1541 proponitur:
435 1470 558 1536 ,Illa
597 1476 778 1522 tamen
833 1470 996 1521 divini
1040 1471 1313 1522 Primatus
1352 1477 1590 1541 potestas
1640 1488 1748 1522 non
1790 1475 1870 1521 est
1914 1474 2029 1520 tota
2069 1474 2122 1519 et
2160 1467 2251 1519 ab·

39 1556 209 1609 soluta
258 1560 522 1624 potestaS,
576 1572 738 1623 quam
793 1554 1037 1606 Christus
1087 1554 1365 1607 Ecclesiae
1423 1572 1549 1606 suae
1602 1553 1843 1605 tradidit.
1923 1553 1979 1604 Si
2033 1551 2248 1620 quidem

38 1639 192 1692 huius
231 1638 394 1690 totius
443 1638 726 1708 potestatis
778 1638 1070 1706 participes
1111 1644 1234 1689 sunt
1273 1639 1489 1708 ipsimet
1528 1637 1812 1706 Episcopi,
1863 1634 2251 1704 Apostolorum

38 1738 386 1794 successoreS,
427 1739 559 1791 quos
600 1738 814 1790 quoque
845 1721 1077 1790 Spiritus
1107 1722 1334 1773 Sanctus
1375 1723 1554 1791 posuit
1582 1738 1773 1789 regere
1802 1719 2102 1772 Ecclesiam
2131 1717 2249 1769 Dei.

38 1804 254 1858 Dictum
311 1810 393 1857 est
442 1805 586 1856 enim
627 1805 875 1856 omnibus
916 1805 1194 1873 Apostolis
1235 1813 1287 1856 et
1328 1805 1491 1857 Petro
1544 1805 1898 1868 coniunctim,
1955 1818 2251 1869 eorumque

37 1888 456 1942 successoribus:
508 1888 653 1940 Data
691 1894 759 1939 est
796 1888 924 1939 mila·
960 1891 1124 1940 omnis
1152 1895 1370 1957 potestas
1421 1892 1477 1940 *in
1515 1889 1638 1940 coelo
1687 1893 1730 1940 et
1777 1889 1832 1938 in
1868 1893 2035 1938 terra:
2083 1891 2253 1936 ezmtes

35 1989 147 2042 erqo
184 1972 341 2024 docete
377 1989 545 2024 omnes
581 1977 740 2040 grentes
779 2012 789 2023 .
827 2013 836 2022 .
878 2012 888 2022 .
926 1989 1025 2023 ecce
1062 1989 1144 2040 eqo
1184 1972 1431 2024 vobiscum
1470 1989 1580 2024 sum
1623 1988 1780 2040 usque
1830 1970 1899 2021 acl
1937 1985 2251 2021 consumma-

35 2056 215 2108 tionem
263 2056 451 2107 saecalc'
501 2097 511 2107 .
553 2096 562 2106 .
602 2096 612 2105 .
664 2057 791 2106 sicut
840 2056 976 2106 misit
1025 2072 1102 2106 me
1140 2055 1295 2106 Pater
1342 2061 1385 2106 et
1434 2073 1517 2123 eqo
1567 2056 1705 2105 mitto
1753 2071 1836 2105 vos
1874 2094 1884 2104 .
1928 2093 1937 2103 .
1983 2095 1992 2104 .
2033 2052 2252 2118 Accipite

36 2139 286 2207 Spiritum
324 2138 584 2190 Sanctam.
627 2180 636 2189 .
679 2178 688 2188 .
755 2137 990 2189 Tantum
1041 2139 1206 2207 igitur
1246 2139 1425 2203 abest,
1481 2144 1540 2189 ut
1580 2138 1786 2190 Summi
1828 2136 2104 2188 Pontificis
2156 2152 2249 2201 po-

36 2227 198 2274 testas
254 2228 559 2292 opponatur
615 2221 726 2272 sive
778 2221 857 2272 illi
896 2221 1291 2291 Episcoporum
1347 2222 1631 2291 potestati,
1682 2238 1842 2289 quam
1895 2220 1950 2270 in
1997 2219 2249 2270 universa

35 2303 280 2357 Ecclesia
329 2323 514 2357 omnes
569 2305 897 2358 coniunctim
952 2322 1071 2356 cum
1115 2306 1266 2356 Petri
1317 2322 1623 2357 successore
1677 2309 1939 2355 exercent
1993 2308 2051 2353 ut
2090 2301 2249 2369 legis-

36 2387 233 2440 latores
286 2393 340 2441 et
392 2388 519 2440 fidei
571 2388 806 2452 iudices3
872 2389 983 2440 sive
1042 2389 1122 2439 illi
1182 2388 1486 2440 ordinariae
1546 2393 1600 2440 et
1649 2387 1993 2438 immediatae
2044 2385 2248 2453 episco-

34 2471 142 2540 pali
184 2513 195 2524 .
238 2513 246 2522 .
292 2513 302 2522 .
343 2473 463 2524 etc.‘
505 2489 674 2540 usque
716 2471 784 2523 ad
824 2471 985 2523 finem
1026 2473 1372 2541 paragraphi,
1416 2473 1501 2523 cui
1541 2472 1666 2523 addi
1707 2476 1916 2540 potest:
1958 2468 2129 2535 ,Haec
2172 2472 2251 2519 est

36 2554 332 2606 catholicae
389 2555 632 2606 veritatis
691 2554 965 2616 doctrina,
1029 2573 1057 2606 a
1112 2573 1216 2623 qua
1272 2556 1488 2607 deviare
1542 2556 1691 2606 salva
1730 2554 1835 2606 fide
1876 2559 2036 2622 atque
2078 2551 2249 2602 salute

35 2654 191 2690 nemo
235 2639 477 2706 potest.‘“
501 2638 516 2667 ²

177 2720 294 2772 Iam
337 2720 562 2772 concedi
602 2720 766 2771 debet
806 2727 858 2771 et
897 2738 927 2771 a
967 2721 1100 2773 Rffio
1128 2721 1308 2791 Episc.
1339 2722 1552 2787 Zinelli,
1593 2720 1959 2791 deputationis
2000 2718 2248 2783 relatore,

34 2803 193 2873 plane
235 2803 547 2855 conceditur
566 2801 601 2870 ²,
641 2820 763 2854 cum
802 2803 1104 2856 Florentini
1147 2804 1329 2873 (atque
1360 2804 1630 2870 Vaticani)
1664 2804 1893 2856 Concilii
1938 2802 2250 2855 definitione

38 2887 312 2938 conciliari
364 2904 520 2955 posse
569 2887 893 2938 sententiam
943 2888 1234 2939 multorum
1284 2889 1689 2956 theologorum,
1743 2888 2023 2939 Summum
2064 2886 2247 2937 Ponti-

37 2969 190 3022 ficem
230 2987 352 3021 cum
393 2969 641 3021 omnibus
679 2969 964 3039 Episcopis
1014 2988 1181 3022 unum
1219 2971 1451 3023 formare
1494 2971 1808 3039 collegium,
1865 2969 2008 3039 quod
2060 2969 2125 3020 sit
2165 2986 2248 3019 su-

38 3069 256 3121 premae
297 3053 580 3121 potestatis
620 3052 1019 3105 ecclesiasticae
1061 3053 1380 3106 subiectum.
1457 3054 1510 3105 Is
1552 3060 1758 3119 tamen,
1801 3054 1891 3122 qui
1932 3053 2031 3104 hoc
2074 3052 2247 3115 docet,

38 3153 105 3188 ne
133 3135 375 3188 Concilio
398 3136 715 3188 Florentino
746 3136 823 3202 (et
849 3136 1138 3204 Vaticano)
1178 3138 1526 3202 contradicat,
1569 3138 1728 3189 etiam
1760 3137 2036 3189 Summum
2066 3136 2249 3187 Ponti-

3 3218 192 3289 .ficem
231 3237 327 3287 per
376 3237 431 3271 se
472 3221 643 3272 solum
685 3237 969 3288 supremae
1019 3221 1300 3289 potestatis
1355 3221 1751 3273 ecclesiasticae
1791 3220 2091 3271 subiectum
2133 3237 2247 3270 esse

39 3300 196 3354 fateri
236 3302 424 3366 debet,
466 3304 539 3355 ita
579 3311 638 3354 ut
678 3309 897 3368 asserat,
939 3321 1056 3355 esse
1096 3304 1338 3356 subiecta
1379 3305 1483 3356 duo
1525 3322 1809 3374 supremae
1851 3304 2130 3372 potestatis
2172 3304 2247 3354 in-

41 3386 303 3455 complete
356 3386 617 3438 distincta.
695 3387 1118 3439 Emendationes
1171 3395 1350 3439 autem
1400 3389 1524 3440 illae
1580 3389 1672 3439 vix
1713 3389 1787 3440 ita
1829 3388 2091 3456 explicari
2131 3405 2248 3455 pos-

39 3473 175 3519 sunt.
227 3468 499 3520 Videntur
528 3471 703 3538 potius
731 3470 1022 3535 insinuare,
1067 3488 1180 3522 esse
1210 3489 1376 3521 unum
1416 3476 1626 3522 tantum
1656 3488 1940 3539 supremae
1968 3471 2247 3539 potestatis

40 3550 354 3618 subiectum,
395 3552 538 3621 quod
577 3572 608 3605 a
636 3553 856 3605 Summo
884 3553 1148 3606 Pontifice
1189 3561 1242 3606 et
1270 3554 1553 3623 Episcopis
1595 3555 1752 3606 simul
1792 3554 2054 3606 formetur
2088 3554 2246 3604 simili

41 3633 226 3698 mod0,
276 3640 336 3686 ut
386 3637 440 3686 in
484 3636 763 3705 republica
817 3637 995 3705 aliqua
1047 3638 1786 3690 aristocratico-monarchica
1838 3654 2045 3689 summa
2097 3637 2246 3704 leges

189 3814 202 3839 ¹
240 3814 629 3862 Emendationes
667 3824 759 3864 etc.
810 3818 864 3865 C.
890 3819 949 3865 Y.
977 3821 1107 3864 3410
1136 3835 1242 3881 sqq.
1378 3819 1393 3845 ²
1430 3820 1627 3866 Relatio
1656 3828 1748 3867 etc.
1803 3820 1855 3867 C.
1882 3821 1941 3867 V.
1969 3824 2101 3869 3570
2140 3838 2248 3884 sqq.

43 3886 117 3936 Cf.
153 3890 284 3936 infra
320 3906 425 3951 cap.
464 3892 560 3938 III.
597 3893 766 3941 adnot.
805 3894 865 3940 ad
904 3896 1081 3954 capitis
1121 3896 1255 3942 tertii
1293 3898 1448 3944 verba
1487 3896 1661 3955 „simul
1702 3896 1919 3944 onmch
