2548 4290
2478 0 2548 21 222:

2527 36 2548 56 ιτ

2528 57 2543 85 'k

203 118 306 170 140
372 119 487 159 Pars
520 117 577 157 11.
639 114 794 157 Const.
832 115 886 156 de
918 114 1042 155 Eccl.
1108 112 1219 168 Cap.
1253 113 1312 154 ΙΙ.
1372 111 1791 156 Commentationes
1827 114 1882 156 de
1915 114 2150 168 aliquibus
2184 115 2314 157 locis.

349 262 556 315 Canone
609 260 747 313 nihil
801 259 870 313 de
922 260 1025 314 hac
1067 279 1126 313 re
1171 260 1504 313 continetur.
1586 260 1643 314 Si
1698 278 1765 314 ea
1819 260 1999 313 forma
2052 265 2270 314 retenta
2310 269 2470 334 esset,

2537 298 2548 306 ..

198 364 306 417 qua
345 347 522 417 primo
565 345 880 415 propositus
923 351 1021 414 est,
1063 344 1373 417 periculum
1415 344 1641 414 fuisset,
1683 364 1754 399 ne
1796 345 2071 399 diceretur
2112 364 2358 401 asserere
2398 348 2474 402 cli-

194 433 374 484 vinum
425 431 790 484 connexionis
831 431 1111 484 Primatus
1166 448 1290 483 cum
1332 430 1589 484 Romana
1640 430 1771 485 sede
1822 433 1924 484 ius,
2006 430 2117 485 Sed
2158 450 2357 503 quum,
2413 439 2473 489 ut
2532 426 2548 488 ,ἶ

195 516 531 581 videbimUS,
588 516 768 570 forma
808 517 925 569 eius
966 520 1196 588 propter
1237 515 1293 568 id
1332 515 1516 586 ipsum
1571 520 1784 569 mutata
1822 517 1920 585 sit,
1979 534 2047 570 ne
2090 517 2232 570 hanc
2274 517 2473 572 doctri-

196 620 324 654 nam
377 602 661 655 continere
704 601 1017 669 videretur,
1074 602 1195 673 ipsa
1246 601 1471 654 canonis
1524 601 1753 655 historia
1794 606 2125 672 argumento
2169 607 2277 670 est,
2332 603 2473 658 Con·

196 687 383 740 cilium
426 705 547 740 eam
591 688 902 741 doctrinam
946 687 1177 740 definire
1219 687 1483 741 noluisse.

345 772 543 843 Capitis
582 773 770 840 verba,
814 791 955 844 quae
997 772 1105 825 huc
1146 777 1417 844 spectant,
1460 773 1598 826 haec
1635 778 1789 826 sunt:
1839 814 1880 839 „.
1929 815 1938 824 .
1983 814 1992 824 .
2036 773 2272 827 saeculis
2303 774 2474 827 omni·

194 858 295 912 bus
336 865 528 912 notum
582 864 696 927 est,
754 859 902 930 quod
958 863 1182 912 sanctus
1236 859 1699 930 beatissimusque
1740 858 1942 912 Petrus
1985 901 1995 911 .
2042 903 2051 912 .
2098 901 2108 911 .
2161 878 2193 912 a
2233 859 2473 915 Domino

196 951 380 997 nostro
425 945 552 999 Iesu
584 944 806 999 Christo
851 989 860 998 .
908 987 917 996 .
963 987 973 998 .
1018 945 1202 998 claves
1243 945 1403 1015 regni
1453 945 1697 1015 accepit:
1742 945 1837 1016 qui
1877 944 1948 998 ad
1990 945 2095 998 hoc
2134 963 2310 1016 usque
2337 933 2501 999 tenu

194 1049 295 1101 pus
338 1036 393 1083 et
434 1048 654 1101 semper
694 1032 750 1083 in
793 1031 903 1083 suis
945 1030 1374 1097 successoribus,
1418 1031 1707 1102 Episcopis
1748 1035 1972 1083 sanctae
2002 1030 2290 1084 Romanae
2331 1030 2475 1085 sedis

193 1117 260 1170 ab
301 1117 420 1186 ipso
464 1116 729 1170 fundatae
784 1118 1013 1187 eiusque
1054 1122 1407 1170 consecratae
1450 1117 1753 1187 sanguine,
1806 1116 1945 1169 vivit
2001 1121 2057 1169 et
2098 1115 2380 1188 praesidet
2420 1121 2475 1170 ct

197 1201 457 1255 iudicium
501 1208 743 1256 exercet.
824 1202 1018 1271 Unde,
1081 1203 1395 1274 quicunque
1438 1203 1495 1255 in
1537 1203 1638 1255 hac
1681 1201 1959 1256 Cathedra
2000 1201 2169 1255 Petro
2211 1200 2475 1272 succedit,

192 1288 236 1339 is
278 1287 584 1341 secundum
626 1287 831 1341 Christi
872 1289 1044 1359 ipsius
1085 1289 1490 1342 institutionem
1528 1287 1838 1340 Primatum
1869 1287 2025 1340 Petri
2064 1287 2121 1339 in
2160 1286 2477 1341 universam

193 1372 498 1427 Ecclesiam
543 1374 808 1428 obtinet.“

343 1460 468 1513 Hoc
511 1461 665 1527 loco,
709 1461 1035 1531 praesertim
1077 1461 1286 1513 ultimis
1326 1460 1540 1528 verbis,
1582 1460 1759 1514 videri
1797 1460 1971 1531 possit
2012 1459 2265 1512 doctrina
2305 1476 2476 1511 enun-

193 1544 348 1613 tiari,
401 1546 709 1599 Primatum
755 1564 878 1598 cum
921 1546 1177 1599 Romana
1219 1546 1350 1599 sede
1393 1546 1599 1600 Christi
1652 1547 1825 1618 ipsius
1876 1545 2223 1599 institutione
2280 1561 2480 1598 conne-

194 1649 328 1683 xum
370 1649 507 1685 esse.
586 1632 806 1685 Dicitur
849 1634 994 1685 enim
1039 1633 1101 1700 is,
1144 1633 1237 1704 qui
1280 1633 1655 1704 episcopalem
1697 1633 1853 1685 Petri
1895 1631 2085 1686 sedem
2126 1631 2340 1685 Romae
2384 1629 2478 1684 ob-

192 1717 347 1783 tinet,
394 1717 731 1783 „secundum
763 1717 968 1771 Christi
997 1719 1170 1790 ipsius
1210 1719 1651 1772 institutionem“
1684 1718 1994 1771 Primatum
2022 1717 2178 1771 Petri
2207 1716 2478 1770 obtinere.

196 1800 379 1863 Quare
420 1803 491 1855 ad
530 1804 965 1875 respondentem
1007 1804 1189 1857 locum
1232 1804 1530 1858 schematis
1571 1804 1792 1876 pristini
1833 1804 1902 1857 de
1943 1802 2214 1873 Ecclesia,
2255 1821 2328 1856 ex
2370 1820 2476 1874 quo
2543 1836 2548 1875 :¹

191 1895 376 1942 nostra
396 1888 730 1944 Constitutio
755 1891 1053 1961 desumpta
1078 1896 1176 1959 est,
1207 1891 1661 1944 animadvertunt
1680 1891 1878 1944 Patres
1906 1890 1963 1943 in
1993 1888 2475 1943 observationibus
2546 1878 2548 1931 Ϊ

193 1974 260 2027 de
289 1993 353 2028 eo
385 1975 561 2042 factis,
609 1976 1099 2047 „distinguendum
1129 1994 1249 2029 esse
1279 1977 1424 2030 inter
1452 1977 1554 2044 ius,
1599 1994 1706 2048 quo
1737 1976 1940 2030 Petrus
1968 1975 2279 2046 generatim
2309 1973 2479 2028 habe:

194 2078 554 2131 successores,
600 2062 861 2133 quodque
904 2069 987 2116 est
1029 2082 1101 2116 ex
1143 2062 1492 2115 institutione
1535 2061 1755 2129 divina3
1800 2067 1855 2115 et
1893 2062 2041 2115 inter
2080 2062 2182 2128 ius,
2225 2078 2331 2132 quo
2373 2059 2479 2113 Pe·-

191 2152 307 2199 trus
349 2147 519 2201 habet
559 2166 905 2202 successores
947 2149 1275 2202 nominatim
1318 2149 1373 2200 in
1414 2147 1547 2202 sede
1587 2148 1872 2213 Romana,
1916 2147 2176 2218 quodque
2217 2165 2289 2200 ex
2331 2145 2475 2199 fact(

191 2234 347 2286 Petri
396 2235 723 2304 repetitur“.
804 2235 1019 2288 Volunt
1074 2235 1244 2306 igitur
1301 2235 1503 2288 mutari
1562 2235 1763 2288 locum.
1845 2233 1957 2288 Sed
1999 2234 2195 2287 Patres
2248 2232 2469 2304 deputa-

191 2320 388 2386 tioniS,
445 2320 577 2372 licet
619 2321 958 2389 concedant,
1015 2326 1166 2374 recte
1223 2321 1517 2374 discrimen
1570 2320 1709 2373 illud
1762 2321 1959 2386 statui,
2018 2326 2205 2372 tamen
2258 2318 2471 2391 pristini

193 2405 489 2458 schematis
540 2406 713 2459 verba
765 2407 1027 2460 retinent.
1120 2406 1435 2459 Discrimen
1488 2405 1627 2459 illud
1682 2405 1874 2459 dicunt
1925 2405 2161 2459 indicari
2222 2407 2307 2472 ,,1.
2361 2410 2472 2456 tum

192 2491 376 2544 verbis
419 2491 726 2556 ,Romanae
781 2493 925 2546 sedis
967 2493 1035 2546 ab
1078 2493 1196 2563 ipso
1241 2493 1337 2560 (sc.
1381 2493 1585 2558 Petro,
1639 2510 1751 2545 non
1792 2511 1824 2546 a
1865 2491 2110 2559 Christo)
2162 2489 2473 2558 fundatae‘3

193 2579 242 2630 2.
285 2583 401 2630 tum
454 2578 639 2631 verbis
692 2579 1025 2650 ,quicunque
1066 2579 1122 2631 in
1165 2579 1268 2631 hac
1310 2577 1593 2632 Cathedra
1633 2577 1908 2645 succedit,
1967 2578 2013 2630 is
2056 2619 2066 2628 .
2113 2619 2122 2629 .
2168 2577 2217 2644 .‘,
2279 2576 2475 2647 quibus

192 2663 464 2716 successio
520 2665 593 2729 ,in
636 2664 740 2716 hac
782 2664 1063 2717 cathedra‘
1109 2664 1468 2734 distinguitur
1509 2682 1541 2717 a
1579 2664 1732 2731 iure,
1792 2681 1899 2735 quo
1941 2662 2221 2715 Primatus
2260 2662 2317 2714 in
2358 2661 2476 2714 uni-

192 2766 405 2801 versam
447 2748 756 2802 Ecclesiam
800 2750 1172 2804 obtinetu1²“¹.

341 2834 497 2896 Quae
552 2834 618 2888 de
676 2836 779 2889 hoc
841 2836 963 2889 loco
1019 2841 1073 2889 et
1124 2854 1338 2889 canone
1381 2836 1756 2906 respondente
1811 2854 1843 2888 a
1884 2834 2144 2888 Patribus
2196 2832 2474 2905 disputata

191 2926 335 2986 sunt,
379 2923 691 2974 accuratius
732 2922 877 2975 infra
918 2922 1244 2976 referemus
1298 2921 1390 2975 Ad
1431 2923 1551 2993 ipsa
1592 2923 1754 2975 huius
1794 2922 1902 2976 loci
1943 2920 2115 2974 verba
2154 2919 2352 2972 melius
2392 2918 2473 2971 in-

192 3006 500 3076 telligenda
541 3008 629 3059 hic
671 3008 850 3061 solum
892 3008 1165 3076 addimus,
1209 3008 1665 3079 distinguendum
1704 3025 1822 3061 esse
1865 3007 2010 3059 inter
2049 3006 2234 3076 legem
2274 3023 2475 3077 peren-

192 3092 380 3144 nitatis
406 3092 686 3145 Primatus
716 3093 887 3159 Petri,
930 3112 1072 3165 quae
1116 3100 1198 3147 est
1238 3094 1410 3164 ipsius
1439 3093 1644 3147 Christi
1686 3093 1797 3159 lex,
1840 3097 1895 3146 et
1936 3091 2311 3145 conditionem
2354 3107 2473 3143 suc-

193 3178 471 3231 cessionis
549 3178 806 3232 Conditio
850 3179 1162 3250 implenda,
1215 3184 1277 3231 ut
1318 3179 1516 3250 aliquis
1558 3180 1727 3232 Petro
1780 3179 1835 3231 in
1888 3178 2143 3230 Primatu
2195 3175 2472 3243 succedat,

193 3268 275 3316 est
315 3263 480 3330 haec,
538 3270 599 3316 ut
652 3264 702 3317 ei
753 3265 1015 3318 succedat
1066 3266 1122 3317 in
1165 3265 1506 3336 Episcopatu
1547 3264 1820 3318 RomanO.
1901 3263 2228 3329 Quaeritur,
2288 3266 2473 3314 utrum

194 3349 360 3402 etiam
413 3349 550 3402 haec
602 3351 966 3404 successionis
1019 3351 1263 3404 conditio
1318 3370 1349 3403 a
1392 3351 1645 3418 Christo,
1706 3368 1776 3403 an
1828 3367 1859 3402 a
1911 3349 2026 3402 solo
2069 3349 2239 3402 Petro
2293 3353 2472 3400 ortum

192 3434 374 3488 ducat.
428 3435 649 3503 Verbis,
693 3435 760 3489 de
803 3436 1001 3507 quibus
1044 3438 1280 3507 agimuS,
1328 3438 1675 3508 „quicunque
1717 3436 1773 3488 in
1814 3435 1915 3487 hac
1946 3433 2242 3504 [Romana]
2275 3433 2473 3488 Cathe-

193 3519 291 3572 dra
332 3521 594 3587 succedit,
637 3521 682 3573 is
724 3521 1029 3574 secundum
1074 3522 1278 3575 Christi
1318 3523 1490 3593 ipsius
1531 3520 1937 3574 institutionem
1978 3520 2290 3573 Primatum
2317 3517 2472 3572 Petri

194 3605 460 3672 obtinet“,
513 3625 622 3660 non
661 3607 961 3674 indicatur,
1015 3608 1389 3661 conditionem
1447 3608 1599 3660 illam
1649 3606 1820 3676 ipsius
1874 3605 2077 3659 Christi
2128 3605 2470 3659 institutione

194 3691 431 3759 positam
475 3709 612 3745 esse.
690 3692 944 3760 Etenim,
999 3693 1216 3745 etiamsi
1269 3694 1385 3746 sola
1423 3693 1518 3746 lex
1559 3692 1922 3745 successionis
1964 3692 2152 3745 divina
2193 3698 2303 3761 est,
2345 3708 2470 3744 con-

196 3774 328 3827 ditio
382 3782 569 3829 autem
626 3778 989 3831 successionis
1045 3777 1323 3831 humanae
1367 3778 1622 3848 originis,
1676 3777 1753 3845 is,
1812 3778 1904 3848 qui
1959 3777 2333 3831 conditionem
2373 3777 2470 3829 im-

347 3954 362 3982 ¹
400 3955 603 4004 Relatio
643 3961 740 4005 etc.
811 3956 867 4005 C.
905 3957 968 4005 V.
1006 3959 1101 4005 276
1118 3973 1163 4004 a.
