2548 4290
0 418 49 530 Ξ

0 574 9 587 Ξ
28 560 43 595 Ξ

21 603 44 652 13}

1007 141 1121 181 Eius
1151 143 1444 194 prooemium.
2226 143 2327 194 211

117 288 177 335 et
214 282 489 334 charitatis
529 282 745 334 vinculo
787 282 1211 335 continerentur.
1277 282 1623 352 Quapropter
1648 282 1682 351 1,
1722 285 2036 354 priusquam
2076 285 2333 337 clarifica-

119 369 291 431 retur,
342 365 555 433 rogavit
592 365 814 416 Patrem
853 382 962 416 non
1001 382 1099 432 pro
1140 365 1416 434 Apostolis
1455 369 1693 433 tantum,
1732 366 1828 418 sed
1864 373 1918 419 et
1957 385 2053 436 pro
2095 368 2200 433 eis,
2242 368 2333 436 qui

115 447 379 500 credituri
418 452 573 499 erant
623 465 720 517 per
757 447 986 499 verbum
1025 465 1213 500 eorum
1252 448 1308 499 in
1346 448 1556 516 ipsum,
1609 454 1667 500 ut
1707 467 1891 501 omnes
1931 468 2098 501 unum
2138 455 2332 515 essent,

116 531 257 583 sicut
305 532 420 600 ipse
471 530 643 581 Filius
695 535 749 582 et
795 530 961 582 Pater
1013 548 1182 582 unum
1233 535 1373 583 sunt.
1451 531 1919 590 Quemadmodum
1973 533 2137 600 igitur
2185 534 2334 602 Apo-

114 614 311 680 stolos,
365 631 497 683 quos
548 613 650 665 sibi
691 614 756 665 de
797 613 998 665 mundo
1040 614 1310 682 elegerat,
1363 614 1534 681 misit,
1588 614 1726 665 sicut
1763 615 1878 683 ipse
1917 616 2107 667 missus
2148 622 2265 668 erat
2304 635 2336 669 a

120 699 310 750 Patre:
364 698 439 749 ita
479 698 534 748 in
572 697 818 748 Ecclesia
857 714 952 748 sua
990 697 1244 748 Pastores
1285 701 1339 748 et
1377 696 1643 748 Doctores
1681 715 1852 766 usque
1893 698 1961 750 ad
2001 716 2334 751 consumma-

116 781 322 834 tionem
362 781 564 833 saeculi
606 798 720 833 esse
760 781 948 832 voluit.
999 780 1075 832 Ut
1114 797 1243 832 vero
1285 776 1624 848 episcopatus
1663 781 1778 849 ipse
1806 799 1943 832 unus
1983 786 2037 834 et
2074 782 2334 834 indivisus

0 860 38 927 ἐξ,Γ
115 869 276 929 esset,
317 870 371 915 et
409 881 506 932 per
547 864 903 915 cohaerentes
942 862 1042 914 sibi
1081 863 1313 914 invicem
1342 862 1648 915 sacerdotes
1678 863 2013 916 credentium
2046 865 2333 917 multitudo

118 948 373 1000 universa
422 948 477 998 in
527 947 655 999 fidei
706 952 759 999 et
799 947 1191 999 communionis
1232 947 1439 998 unitate
1480 951 1922 1013 conservaretur,
1975 947 2193 999 beatum
2233 948 2334 1000 Pe-

118 1038 264 1083 trum
327 1031 555 1083 caeteris
618 1029 898 1099 Apostolis
962 1028 1349 1099 praeponens2
1412 1030 1467 1081 in
1531 1030 1646 1098 ipso
1711 1030 1944 1082 instituit
2009 1036 2334 1099 perpetuum

117 1116 401 1183 utriusque
441 1114 662 1165 unitatis
714 1113 1039 1182 principium
1088 1130 1148 1164 ac
1194 1112 1406 1164 visibile
1458 1112 1870 1165 fundamentum
1892 1111 1927 1176 3,
1984 1131 2146 1181 super
2187 1114 2335 1165 cuius

272 1287 287 1314 ¹
323 1287 772 1334 Animadverterat
806 1302 938 1333 unus
966 1302 991 1334 e
1015 1285 1254 1333 Patribus
1290 1286 1339 1333 in
1366 1285 1771 1347 Oongregatione
1806 1287 2048 1348 generali,
2085 1287 2337 1335 sententia

118 1366 215 1413 hac
250 1380 351 1412 non
389 1364 602 1425 exprimi
642 1378 763 1424 „nec
799 1364 977 1423 solum,
1014 1378 1106 1411 nec
1145 1363 1295 1410 etiam
1330 1363 1661 1424 praecipuum
1696 1364 1938 1410 motivum
1971 1364 2212 1411 orationis
2237 1364 2337 1411 Do-

119 1439 289 1489 mini“.
360 1439 618 1487 Christum
656 1455 877 1501 rogasse,
919 1443 1005 1500 „ut
1040 1455 1197 1486 unum
1235 1440 1349 1499 sint,
1388 1445 1442 1485 ut
1476 1440 1640 1486 credat
1673 1437 1928 1486 memclus“.
1999 1439 2338 1497 (Emendatio-

117 1533 209 1565 nes
246 1522 340 1565 etc.
389 1516 443 1564 O.
480 1517 541 1564 V.
580 1518 671 1563 303
688 1515 751 1574 a.)
799 1516 1079 1577 Respondit
1111 1515 1268 1562 Rffius
1305 1515 1492 1576 Leahy‚
1530 1515 1956 1577 Archiepiscopus
1993 1515 2336 1576 Oasseliensis,

117 1594 466 1656 deputationis
503 1594 721 1640 relator:
778 1593 977 1652 „Verba
1025 1592 1294 1639 schematis
1340 1592 1502 1638 nostri
1546 1607 1711 1653 neque
1758 1607 1997 1652 expresse
2046 1608 2211 1654 neque
2247 1608 2337 1652 per

118 1670 515 1731 implicationem
552 1669 852 1730 significant,
891 1668 1122 1729 quisnam
1158 1668 1315 1715 fuerit
1350 1669 1429 1714 vel
1465 1669 1767 1729 praecipuus
1803 1668 1883 1714 vel
1909 1668 2045 1714 solus
2080 1668 2192 1714 finis
2229 1683 2338 1715 ora-

120 1747 273 1794 tionis
321 1746 599 1793 dominicae
638 1783 647 1793 .
686 1782 696 1793 .
735 1781 746 1793 .
783 1749 833 1792 et
868 1745 1079 1806 proinde
1114 1760 1215 1791 non
1268 1744 1492 1791 excludit
1528 1742 1769 1803 [schema]
1807 1744 1946 1790 illum
1990 1744 2144 1791 alium
2180 1760 2339 1792 remo-

119 1826 229 1869 tum
265 1822 561 1869 ulteriorem
596 1820 761 1879 finem,
801 1836 948 1881 quem
986 1819 1217 1867 Christus
1253 1819 1430 1866 habuit
1466 1820 1517 1865 in
1555 1819 1760 1878 orando,
1797 1834 1999 1880 nempe:
2047 1824 2098 1866 ut
2133 1821 2339 1867 mundus

115 1899 312 1959 credat,
363 1899 476 1959 quia
512 1904 563 1944 tu
597 1913 669 1943 me
703 1898 890 1943 misisti.
931 1925 990 1930 —-
1025 1896 1223 1943 Revera
1260 1895 1492 1943 Christus
1527 1895 1578 1942 in
1613 1896 1708 1942 hoc
1745 1896 1854 1943 loco
1893 1896 2055 1943 oravit
2090 1912 2180 1956 pro
2218 1897 2339 1943 duo-

121 1977 243 2035 bus,
293 1975 457 2021 oravit
492 1989 582 2035 pro
619 1989 720 2020 uno
757 1973 1063 2032 immediate,
1100 1972 1262 2019 oravit
1298 1987 1387 2033 pro
1425 1972 1522 2018 alio
1560 1975 1770 2019 remote.
1839 1972 2137 2019 Immediate
2174 1973 2338 2020 oravit

119 2065 211 2112 pro
249 2050 448 2097 unitate
485 2049 865 2111 discipulorum,
903 2048 989 2109 qui
1025 2048 1075 2094 in
1114 2063 1227 2094 eum
1265 2047 1506 2095 credituri
1533 2054 1726 2107 essent3
1766 2047 1929 2094 oravit
1968 2048 2118 2094 etiam
2145 2052 2338 2095 remote

119 2141 211 2187 pro
250 2126 346 2173 alio
383 2125 504 2185 fine,
542 2140 632 2187 pro
670 2140 728 2172 eo
767 2124 985 2183 scilicet,
1034 2127 1092 2170 ut
1122 2123 1246 2169 haec
1284 2123 1452 2170 unitas
1489 2123 1849 2183 discipulorum
1887 2123 1994 2169 eius
2033 2127 2165 2170 esset
2199 2127 2336 2183 nota,

116 2202 265 2263 quasi
300 2205 423 2248 nota
445 2200 526 2247 vel
552 2201 830 2259 character,
869 2199 1002 2245 unde
1027 2199 1245 2245 mundus
1272 2203 1572 2259 agnosceret
1599 2199 1704 2245 eius
1732 2199 1951 2245 divinam
1976 2199 2264 2245 missionem
2289 2202 2338 2246 et

121 2277 438 2325 divinitatem
464 2277 572 2323 eius
599 2275 877 2336 Evangelii.
906 2312 916 2322 .
944 2312 953 2322 .
995 2274 1092 2321 Sed
1116 2290 1281 2335 neque
1317 2278 1489 2322 textus
1516 2274 1807 2335 Scripturae
1832 2289 1996 2335 neque
2021 2276 2175 2321 verba
2202 2276 2340 2322 sche-

116 2354 269 2400 matis
304 2353 466 2400 nostri
503 2353 692 2399 directe
728 2351 809 2398 vel
844 2351 1091 2397 indirecte
1129 2350 1438 2411 significant,
1492 2351 1721 2411 quisnam
1757 2351 1913 2397 fuerit
1948 2350 2059 2397 finis
2098 2351 2338 2398 orationis

120 2428 402 2476 dominicae
425 2428 505 2474 vel
531 2427 832 2488 praecipuus
859 2426 940 2473 vel
966 2426 1130 2485 solus3
1157 2426 1366 2486 proinde
1392 2441 1510 2473 vere
1541 2426 1637 2472 dici
1662 2442 1761 2472 non
1787 2430 1969 2487 potest,
1999 2430 2054 2473 ut
2080 2426 2264 2473 dicitur
2288 2426 2339 2472 in

114 2504 486 2563 emendatione,
515 2503 649 2563 quod
669 2503 870 2549 schema
886 2506 1115 2548 nostrum
1136 2501 1360 2548 excludit
1378 2501 1543 2560 finem,
1581 2505 1787 2562 propter
1807 2517 1954 2563 quem
1974 2500 2206 2548 Christus
2232 2517 2340 2548 ora-

117 2580 208 2639 vit,
234 2579 451 2625 scilicet:
477 2584 528 2625 ut
552 2579 760 2625 mundus
778 2578 957 2636 credat,
982 2578 1096 2637 quia
1119 2583 1168 2623 tec
1187 2593 1258 2623 me
1276 2575 1491 2624 misisti.“
1531 2576 1748 2635 (Relatio
1770 2581 1864 2625 etc.
1903 2577 1955 2624 O.
1975 2578 2036 2624 V.
2058 2579 2150 2624 305
2167 2593 2190 2624 c
2210 2577 2337 2640 sqq.)

268 2655 284 2681 ²
322 2655 464 2701 Inter
503 2654 844 2713 conditiones,
895 2669 1024 2714 quae
1063 2654 1318 2714 suffragiis
1360 2652 1591 2712 „Placet“
1632 2654 1829 2701 adiecta
1865 2658 2007 2713 sunt,
2050 2654 2339 2701 continetur

118 2732 271 2779 etiam
306 2731 457 2789 haec,
505 2733 563 2776 ut
609 2729 720 2776 voci
762 2726 1134 2790 „praeponens“
1177 2729 1518 2777 substituatur
1560 2727 1828 2789 „eligens“,
1878 2744 2006 2790 quae
2042 2745 2141 2776 vox
2177 2729 2339 2776 Evan-

117 2806 250 2867 gelio
288 2806 445 2866 magis
483 2808 617 2851 esset
655 2808 1011 2851 consentanea.
1059 2804 1418 2865 (Exceptiones
1457 2808 1550 2852 etc.
1622 2804 1675 2852 O.
1712 2804 1773 2851 V.
1810 2807 1902 2850 433
1922 2804 1989 2862 b.)
2048 2805 2340 2865 Respondet

118 2882 275 2928 Rffius
314 2881 601 2940 d'Avanzo,
641 2880 807 2942 Episc.
846 2878 1131 2926 Calvensis:
1185 2880 1421 2941 „Triplici
1457 2881 1565 2927 vice
1600 2880 1651 2926 in
1688 2880 1962 2940 Evangelio
2000 2896 2163 2927 sermo
2199 2881 2341 2928 insti-

117 2958 282 3006 tuitur
319 2958 379 3004 de
417 2956 663 3004 electione
699 2956 1090 3017 Apostolorum,
1141 2956 1332 3003 scilicet
1381 2956 1516 3016 apud
1553 2956 1896 3016 Matthaeum,
1944 2957 2077 3017 apud
2113 2957 2339 3004 Marcum

116 3038 171 3081 -et
217 3033 351 3093 apud
387 3032 602 3092 Lucam3
652 3047 817 3092 neque
849 3032 1138 3078 Matthaeus
1184 3047 1348 3092 neque
1385 3032 1586 3078 Marcus
1634 3032 1875 3079 adhibent
1921 3033 2130 3079 verbum
2179 3034 2339 3094 clepit,-

122 3108 471 3157 tantummodo
507 3108 673 3154 Lucas
711 3109 859 3167 dicit,
900 3108 1035 3167 quod
1070 3108 1214 3154 Iesus
1251 3107 1483 3155 Christus
1519 3107 1767 3154 Dominus
1801 3112 1972 3154 noster
2009 3124 2072 3155 ex
2107 3109 2339 3157 omnibus

118 3184 379 3245 discipulis
416 3184 569 3244 elegit
606 3183 884 3242 duodecim,
926 3197 1051 3244 quos
1090 3186 1138 3229 et
1163 3183 1436 3244 Apostolos
1471 3183 1766 3230 nominavit.
1820 3183 1927 3229 Iam
1964 3198 2083 3230 vero
2122 3200 2232 3230 cum
2271 3185 2341 3231 di-

115 3260 294 3320 cimus,
334 3275 397 3307 ex
434 3260 692 3320 discipulis
730 3259 883 3319 elegit
920 3259 1201 3318 duodecim,
1242 3274 1368 3320 quos
1405 3259 1681 3320 Apostolos
1716 3259 2010 3320 nominavit,
2047 3261 2144 3306 iam
2182 3264 2338 3321 patet,

121 3336 327 3397 quinam
365 3336 429 3382 sit
466 3351 649 3397 scopus
687 3335 965 3382 electionis.
1013 3335 1083 3382 At
1119 3336 1160 3381 si
1196 3335 1467 3394 diceretur,
1504 3338 1561 3381 ut
1596 3335 1833 3396 proponit
1857 3335 2038 3382 Rffius:
2078 3336 2116 3383 b.
2143 3336 2339 3383 Petrum

118 3412 244 3458 inter
290 3417 464 3459 ceteros
498 3412 753 3471 Apostolos
790 3413 986 3473 eliyens,
1024 3412 1212 3472 eligens
1260 3412 1324 3459 ad
1361 3412 1516 3473 quid?
1570 3412 1759 3471 eligens
1796 3413 1859 3459 ad
1895 3412 2200 3472 Primatum,
2254 3414 2339 3460 eli-

114 3500 273 3547 gens,
325 3491 382 3534 ut
419 3487 484 3534 sit
518 3487 729 3534 Primas.
799 3487 864 3534 Et
900 3488 1020 3548 quid
1058 3491 1133 3534 est
1170 3502 1481 3548 praeponere
1516 3488 1613 3534 nisi
1650 3487 1862 3548 eligere,
1914 3492 1969 3535 ut
2008 3489 2071 3535 sit
2106 3490 2337 3536 Primas‘?

114 3561 290 3618 ‘Quare
336 3563 400 3610 ad
449 3563 569 3624 quid
615 3564 713 3610 ista
749 3563 1163 3610 circumlocutio?
1234 3563 1494 3624 Numquid
1540 3563 1610 3621 (id
1652 3579 1797 3610 nemo
1845 3567 2008 3624 potest
2055 3565 2336 3627 suspicari),

119 3639 366 3699 numquid
415 3642 464 3685 et
513 3639 572 3684 de
618 3637 845 3685 Primatu
893 3638 1047 3686 vellet
1093 3639 1297 3700 aliquod
1346 3639 1553 3686 dubium
1599 3639 1866 3700 ingerere?
1925 3640 1984 3685 Id
2031 3640 2337 3701 impossibile

119 3717 223 3774 est,
275 3730 339 3761 ne
377 3715 575 3775 quidem
615 3715 874 3776 suspicari.
944 3715 1126 3776 Itaque
1163 3715 1302 3761 nulla
1339 3730 1561 3776 unquam
1597 3716 1726 3762 ratio
1763 3719 1932 3775 potest
1967 3717 2339 3767 rationabiliter

117 3789 322 3837 admitti
355 3805 445 3851 pro
483 3789 772 3837 huiusmodi
808 3788 1150 3851 exceptione.“
1224 3790 1441 3849 (Relatio
1480 3794 1574 3837 etc.
1644 3790 1697 3838 O.
1734 3791 1795 3838 V.
1833 3792 1982 3838 4610.
2010 3790 2076 3850 d.)

269 3864 285 3891 ³
323 3865 426 3913 Cur
460 3865 644 3912 Petrus
692 3869 829 3913 recte
878 3866 1076 3913 dicatur
1124 3867 1333 3913 unitatis
1366 3867 1690 3926 principium,
1739 3882 1832 3914 nec
1884 3868 2237 3916 substituenda
2275 3872 2337 3918 sit

1897 3943 1990 3986 14*
