2548 4290
434 154 548 195 Eius
579 165 677 208 cap.
709 154 744 193 I.
801 154 869 193 De
900 154 997 194 Deo
1030 158 1241 194 creatore.
1305 152 1413 206 Cap.
1446 152 1503 192 ΙΙ.
1558 152 1626 193 De
1657 152 1939 193 revelatione.
2223 151 2285 201 77

1005 330 1253 383 CAPUT
1292 331 1363 382 II.

982 445 1039 490 De
1070 444 1331 490 revelatione
1351 446 1376 488 ¹.

225 547 321 617 [1.]
362 548 568 601 Eadem
607 549 803 600 Sancta
844 548 1019 600 Mater
1056 548 1302 600 Ecclesia
1341 552 1491 599 tenet
1532 552 1585 599 et
1627 546 1810 611 docet,
1852 547 2058 612 Deum,
2110 562 2290 597 rerum

83 632 319 686 omnium
359 632 686 701 principium
728 636 782 684 et
820 631 981 683 finem
1000 629 1035 697 ²,
1086 628 1362 683 naturali3
1397 631 1666 682 humanae
1707 629 1967 681 rationis4
2016 630 2222 680 lumine
2264 646 2292 679 e

82 715 240 769 rebus
280 715 473 767 creatis
514 719 660 767 certo
703 715 955 784 cognosci
984 714 1206 784 posse53
1247 714 1538 766 invisibilia
1578 714 1722 765 enim
1748 713 1932 783 ipsius,
1972 731 2004 765 a
2043 717 2293 765 creatura

82 798 294 863 mundi,
346 815 444 869 per
483 815 547 850 ea
587 815 727 867 quae
766 797 907 850 facta
947 802 1102 862 sunt,
1145 797 1439 862 intellecta,
1482 796 1887 866 conspiciuntur
1912 797 1958 863 a)
1977 795 2013 863 ⁶,
2054 801 2294 848 attamen

81 882 341 953 placuisse
383 882 496 933 eius
535 882 833 950 sapientiae
875 886 928 933 et
967 880 1196 933 bonitati
1222 880 1255 945 ⁷,
1297 881 1420 944 alia,
1463 897 1633 949 eaque
1674 880 2072 948 supernaturali
2111 879 2199 930 via
2237 896 2292 930 se

223 1028 272 1086 a)
308 1028 449 1074 Rom.
490 1030 530 1085 1,
570 1028 645 1074 20.

80 1153 266 1214 gentia,
301 1151 332 1197 i.
370 1166 411 1197 e.
447 1150 622 1196 futura
657 1151 840 1197 libera:
892 1156 1162 1212 propterea
1200 1156 1337 1197 certe
1373 1165 1473 1196 non
1510 1151 1598 1197 abs
1635 1165 1689 1196 re
1726 1151 1837 1208 erit,
1876 1150 2153 1196 doctrinam
2192 1162 2297 1196 cer-

84 1227 339 1286 tissimam,
374 1226 474 1272 imo
511 1226 809 1286 doctrinam,
848 1241 978 1288 quae
1015 1232 1152 1273 certe
1190 1230 1266 1273 est
1304 1225 1364 1272 de
1398 1225 1510 1285 fide,
1547 1240 1845 1287 proponere,
1883 1226 2018 1287 quod
2042 1226 2181 1271 Deus
2220 1227 2296 1270 est

83 1301 461 1366 providissimus
487 1304 537 1348 et
561 1301 849 1361 praesciens
874 1301 1050 1348 futura
1076 1301 1227 1348 etiam
1255 1301 1599 1361 contingentia
1626 1305 1675 1347 et
1699 1298 1906 1347 libera“.
1956 1299 2174 1357 (Relatio
2202 1306 2295 1346 etc.

84 1376 452 1433 G.V.105a.b.)
479 1377 895 1424 Emendationem
912 1378 1019 1424 fere
1034 1392 1205 1423 omnes
1218 1377 1394 1423 Patres
1410 1378 1772 1438 approbarunt.
1799 1375 1948 1433 (Ibid.
1976 1375 2107 1423 (LV.
2127 1376 2215 1421 109
2231 1373 2297 1432 a.)

228 1452 243 1479 1
280 1445 451 1499 Prima
498 1453 675 1513 capitis
721 1453 1096 1514 paragraphus,
1150 1468 1249 1513 qua
1296 1453 1356 1499 de
1405 1453 1739 1513 possibilitate
1786 1452 1951 1498 Deum
1997 1451 2299 1498 naturaliter

84 1529 418 1591 cognoscendi
452 1543 510 1575 ac
547 1528 607 1575 de
652 1529 788 1575 facto
825 1529 1146 1575 revelationis
1184 1526 1587 1588 supernaturalis
1634 1528 1827 1587 agitur,
1879 1531 1928 1574 et
1963 1531 2067 1574 tres
2104 1527 2299 1586 priores

85 1620 301 1654 canones
337 1620 400 1652 ex
435 1605 595 1651 altero
644 1605 809 1666 capite
847 1605 1113 1651 schematis
1152 1605 1211 1650 (le
1249 1605 1477 1651 doctrina
1526 1604 1775 1650 catholica
1810 1602 1885 1662 (O.
1922 1603 1983 1649 V.
2020 1604 2112 1649 507
2127 1602 2179 1661 b)
2219 1603 2300 1650 de-

85 1683 270 1743 sumpti
317 1685 449 1728 sunt.
519 1682 698 1729 Altera
743 1682 1094 1743 paragraphus
1143 1681 1225 1738 (de
1273 1681 1579 1727 necessitate
1627 1678 1970 1737 revelationis)
2019 1695 2081 1726 ex
2134 1680 2298 1740 capite

85 1761 264 1820 quarto
300 1757 436 1805 illius
473 1758 760 1805 schematis.
811 1756 884 1815 (C.
923 1757 984 1803 V.
1022 1759 1114 1803 509
1131 1756 1194 1814 a.)
1242 1757 1385 1803 Duae
1411 1757 1619 1803 ultimae
1645 1757 1951 1817 paragraphi
1976 1771 2089 1803 cum
2117 1760 2298 1817 quarto

85 1848 274 1882 canone
311 1833 392 1892 (de
428 1834 753 1880 revelationis
789 1834 1013 1880 fontibus
1051 1837 1100 1880 et
1135 1833 1555 1893 interpretatione
1593 1832 1988 1894 Scripturarum)
2036 1833 2187 1880 tertio
2222 1847 2301 1879 ca-

83 1910 174 1972 piti
211 1910 479 1957 schematis
516 1910 576 1956 dc
615 1910 845 1957 doctrina
892 1910 1141 1957 catholica
1178 1908 1252 1967 (O.
1283 1910 1341 1956 V.
1370 1910 1504 1955 5080
1540 1910 1668 1971 sqq.)
1706 1910 2029 1969 respondent.
2079 1908 2224 1964 Quod
2250 1909 2300 1955 in

85 1986 248 2048 capite
286 1985 446 2032 altero
472 1986 621 2032 huius
648 1986 918 2032 schematis
946 1986 1238 2032 continetur
1268 1985 1328 2031 de
1352 1985 1607 2031 hominum
1633 1985 1956 2032 revelationis
1981 1985 2301 2043 recipiendae

86 2062 248 2109 officio
286 2061 362 2120 (O.
399 2062 459 2108 V.
497 2062 637 2109 507d
673 2061 784 2123 sq.),
822 2062 1022 2109 transiit
1059 2062 1107 2108 in
1146 2066 1295 2122 caput
1331 2061 1534 2108 tertium
1574 2061 1965 2108 Constitutionis
2004 2062 2064 2108 de
2100 2061 2212 2108 fide.

228 2136 244 2164 ²
279 2137 413 2184 Num
450 2138 587 2184 Deus
634 2144 866 2198 tanquam
909 2139 1204 2198 principium
1254 2142 1293 2183 et
1335 2137 1450 2194 finis
1497 2139 1705 2183 omnium
1752 2153 1912 2182 rernm
1962 2138 2068 2184 sola
2104 2139 2300 2186 ratione

86 2217 222 2270 certo
259 2214 493 2274 cognosci
530 2214 700 2272 possit,
740 2217 790 2261 et
828 2217 1076 2273 quatenus
1115 2214 1165 2259 id
1200 2214 1296 2260 hoc
1330 2213 1441 2260 loco
1481 2213 1764 2272 definiatur,
1802 2230 1846 2260 v.
1885 2229 2038 2275 supra
2074 2229 2181 2275 cap.
2232 2216 2301 2262 Π.

93 2293 356 2337 comment.
394 2290 462 2336 ΙΙ.
500 2305 544 2351 p.
583 2291 644 2334 42
681 2304 788 2350 sqq.

230 2364 246 2391 3
282 2365 499 2412 Volebat
536 2381 667 2412 unus
717 2380 779 2411 ex
815 2365 1052 2411 Patribus
1090 2365 1245 2411 deleri
1292 2379 1467 2411 vocem
1521 2362 1818 2421 ..naturaliffl
1892 2366 2081 2424 „Homo
2121 2366 2300 2426 enim“,

85 2441 277 2504 inquit,
330 2457 615 2503 „nunquam
650 2442 700 2487 in
739 2446 876 2488 statu
927 2456 1061 2487 mere
1097 2441 1320 2487 naturali
1355 2441 1478 2500 fuit,
1529 2457 1619 2487 nec
1665 2441 1874 2501 proinde
1923 2446 2056 2489 esset
2091 2444 2303 2491 rationis

85 2514 298 2565 lumen.“
370 2516 782 2575 (Emendationes
830 2521 924 2564 etc.
994 2516 1049 2564 O.
1086 2517 1147 2564 V.
1186 2516 1359 2574 22521.)
1429 2517 1717 2578 Respondet
1764 2518 2104 2565 Brixinensis:
2154 2520 2303 2578 „Mihi

86 2594 288 2641 videtur
312 2594 470 2639 Rfiius
507 2597 686 2640 auctor
722 2594 871 2640 huius
910 2594 1222 2654 exceptionis
1260 2593 1570 2640 confundere
1597 2594 1711 2650 duo,
1752 2610 1880 2656 quae
1908 2610 2008 2641 non
2035 2601 2153 2642 sunt
2190 2612 2306 2643 con-

85 2668 359 2728 fundenda,
397 2669 588 2715 scilicet
625 2669 881 2730 principiis
917 2670 1130 2716 rationis
1158 2673 1208 2716 et
1240 2670 1537 2716 exercitium
1575 2670 1801 2716 rationis.
1848 2670 1954 2717 Nos
1991 2672 2304 2720 solummodo

86 2744 342 2804 loquimur
367 2744 426 2790 de
453 2745 709 2805 principiis
735 2745 963 2803 rationis,
991 2745 1124 2805 quod
1143 2746 1281 2792 Deus
1309 2760 1372 2791 ex
1389 2745 1647 2806 principiis
1671 2746 1883 2792 rationis
1910 2750 2047 2793 certo
2068 2751 2304 2808 cognosci

86 2819 270 2880 possit3
309 2820 554 2881 quidquid
591 2820 655 2866 sit
692 2820 751 2866 de
780 2820 1021 2867 exercitio
1058 2821 1285 2866 rationis.
1338 2820 1386 2867 si
1424 2822 1472 2867 in
1499 2821 1593 2867 hoc
1620 2837 1769 2867 sensu
1795 2837 1895 2868 non
1921 2823 2082 2882 possit
2109 2824 2205 2870 dici
2231 2826 2305 2871 lu-

87 2910 201 2941 men
226 2895 459 2942 naturale
484 2896 716 2954 hominiS,
745 2896 942 2955 deinde,
980 2896 1093 2942 Rffii
1117 2896 1313 2955 Patres,
1348 2912 1520 2943 omnes
1547 2898 1748 2943 omnino
1774 2897 1890 2943 libri
1915 2901 2018 2944 tam
2045 2899 2306 2961 theologo-

88 2987 198 3018 rum
225 2972 640 3018 scholasticorum
669 2976 771 3018 tam
789 2972 1101 3034 reliquorum
1121 2976 1288 3019 essent
1308 2970 1552 3020 delendi.“
1598 2973 1815 3032 (Relatio
1837 2977 1930 3021 etc.
1971 2973 2025 3022 O.
2047 2974 2106 3022 V.
2127 2978 2220 3022 238
2236 2977 2304 3035 b.)

232 3046 252 3073 4
286 3047 434 3094 Ratio
472 3048 686 3094 hominis
720 3049 824 3095 sive
849 3049 898 3094 in
936 3052 1073 3095 statu
1097 3052 1311 3095 naturae
1336 3064 1495 3109 purae
1523 3050 1627 3096 sive
1652 3050 1702 3096 in
1729 3053 1866 3097 statu
1892 3055 2108 3098 naturae
2133 3052 2305 3114 lapsae

90 3121 378 3169 exsistentis
415 3124 478 3170 ad
502 3123 665 3169 Deum
703 3126 840 3170 certo
880 3124 1282 3182 cognoscendum
1321 3124 1552 3170 sufficere
1590 3124 1787 3171 dicitur.
1835 3125 1895 3171 V.
1923 3141 2076 3187 supra
2102 3143 2208 3189 cap.
2236 3130 2304 3175 II.

95 3202 360 3245 comment.
396 3198 466 3245 II.
502 3215 550 3260 p.
588 3201 664 3245 33.

236 3271 251 3298 ⁵
287 3274 362 3320 De
386 3274 436 3320 vi
461 3274 617 3320 totius
644 3274 793 3320 huius
821 3273 1125 3322 definitionis
1153 3290 1196 3322 v.
1224 3291 1376 3336 supra
1403 3290 1509 3336 cap.
1535 3276 1601 3321 II.
1640 3281 1904 3323 comment.
1933 3278 2001 3325 ΙΙ.
2037 3294 2083 3339 p.
2112 3281 2171 3325 32
2200 3296 2305 3342 sqq.

237 3347 253 3375 ss
288 3349 454 3396 Etiam
506 3351 568 3397 ad
622 3351 755 3397 hunc
791 3351 1094 3397 versiculum
1145 3354 1365 3411 spectat,
1420 3352 1553 3412 quod
1601 3351 1917 3400 Brixinensis
1966 3354 2026 3401 de
2075 3359 2307 3417 sequenti

95 3423 451 3471 animadvertit
487 3425 705 3484 (Relatio
744 3430 839 3474 etc.
887 3425 940 3473 O.
975 3426 1034 3473 V.
1072 3428 1165 3473 238
1181 3425 1259 3484 a):
1301 3426 1619 3487 „Apostolus,
1657 3442 1768 3474 cum
1804 3429 1899 3475 hoc
1934 3429 1985 3475 in
2020 3430 2129 3477 1000
2169 3432 2306 3492 dicit,

96 3499 230 3559 quod
269 3497 477 3557 [ethnici
512 3500 818 3562 philosophi]
856 3501 1186 3562 cognoverint
1221 3502 1411 3560 Deum,
1459 3502 1587 3549 hanc
1635 3503 1974 3563 cognitionem
2013 3505 2208 3554 derivat
2244 3524 2305 3555 ex

95 3575 297 3636 speculo
343 3579 715 3633 creaturarum;
755 3614 764 3624 .
804 3616 812 3625 .
853 3615 862 3624 .
899 3592 1000 3623 non
1050 3581 1218 3638 potest
1266 3578 1362 3623 dici
1412 3578 1546 3639 quod
1592 3577 1865 3625 habuerint
1914 3581 2099 3627 ethnici
2147 3583 2307 3643 philo-

94 3651 234 3711 sophi
286 3652 437 3698 etiam
488 3653 679 3699 semina
715 3654 1028 3712 traditionis,
1082 3654 1328 3715 quidquid
1376 3655 1440 3701 sit
1486 3655 1580 3701 hac
1618 3655 1678 3701 de
1714 3670 1795 3715 re,
1845 3656 1904 3703 de
1955 3672 2054 3717 qua
2089 3660 2305 3707 multum

96 3726 405 3787 disputatum
444 3731 518 3774 est
554 3731 603 3774 et
640 3728 887 3790 disputari
921 3733 1116 3790 potest3
1155 3729 1241 3776 sed
1278 3730 1535 3790 apostolus
1561 3730 1766 3787 Paulus,
1806 3747 1917 3777 cum
1954 3732 2079 3779 haec
2117 3736 2307 3795 scribit,

96 3803 293 3849 nonnisi
328 3804 391 3850 ad
430 3803 766 3864 cognitionem
800 3805 891 3852 Dei
927 3805 1211 3852 naturalem
1248 3821 1337 3866 per
1373 3806 1631 3866 speculum
1670 3810 2017 3854 creaturarum
2053 3811 2303 3871 respicit.“

242 3877 257 3903 ⁷
292 3878 435 3925 Unus
471 3879 630 3925 voluit
679 3879 833 3926 deleri
876 3884 954 3939 „et
988 3878 1254 3937 bonitatff,
1305 3897 1368 3927 ne
1407 3885 1699 3941 tangeretur
1738 3883 1966 3942 quaestio
2004 3886 2307 3948 scholarum,
