2548 4290
628 201 685 240 ΙΙ.
728 201 1020 252 Documenta,
1056 200 1220 252 quibus
1255 199 1429 239 decreta
1461 199 1756 251 explicantur.
2273 198 2303 247 9

87 346 360 397 citandum
401 345 575 396 minus
614 348 740 412 apta
781 343 863 408 sit,
906 342 1008 394 hoc
1035 341 1171 393 libro
1213 359 1244 392 a
1283 341 1437 393 nobis
1465 341 1654 393 relicta
1695 346 1790 407 est,
1832 344 1994 411 atque
2035 341 2149 392 eius
2188 340 2303 392 loco

86 434 341 498 usurpata
382 429 541 480 haec:
583 427 667 478 Ex
692 428 814 478 actis
839 427 1112 478 sessionum
1142 425 1480 493 deputationis
1501 424 1561 476 de
1576 424 1702 492 fide.
1756 424 1921 476 Cuius
1948 423 2209 476 momenti
2236 422 2305 474 ad

87 511 510 564 Constitutiones
538 509 871 579 dogmaticas
890 508 1239 576 explicandas
1258 508 1362 559 sint
1380 511 1501 558 acta
1520 508 1712 559 harum
1732 507 2048 573 sessionum,
2078 524 2186 565 non
2206 510 2304 571 est,

86 611 181 646 cur
201 611 553 664 exponamUS,
583 610 746 661 quum
769 591 964 661 supra¹
987 590 1404 657 narraverimus,
1427 608 1565 660 quae
1585 596 1735 642 tanta
1753 591 1920 642 fuerit
1940 590 2304 659 deputationis

85 677 420 746 dogmaticae
448 693 571 745 pars
599 675 797 726 laboris
825 676 878 726 in
902 673 1388 727 Constitutionibus
1411 673 1708 725 formandis
1727 674 2016 726 aConcilio
2038 673 2303 725 collocati.

229 759 364 811 Cum
405 758 485 809 his
523 758 654 809 actis
680 758 870 809 intimo
899 775 1047 809 nexu
1076 757 1364 808 coniuncta
1391 762 1514 807 sunt
1541 757 1804 809 Schemate
1832 754 2306 821 Constitutiommffl,

84 859 221 910 quae
271 841 443 910 primo
496 840 859 908 deputationis
911 841 977 892 de
1016 840 1149 906 fide,
1204 840 1401 892 deinde
1454 840 1519 892 ab
1573 840 1674 891 hac
1726 840 1957 891 multum
2009 840 2304 891 reformata

83 924 532 993 Congregat-ionis
572 924 842 993 generalis
884 924 1121 976 examini
1171 923 1624 985 subiiciebantur,
1677 929 1736 975 ut
1777 924 2065 993 diligenter
2105 935 2304 975 retrac-

78 1013 188 1060 tata
215 1013 377 1077 atque
406 1009 694 1060 emendata
722 1026 785 1060 ea
812 1008 1031 1060 tandem
1060 1008 1251 1073 forma,
1294 1026 1400 1076 qua
1435 1025 1577 1059 nunc
1617 1013 1852 1073 exstant,
1894 1008 2172 1060 conciliari
2214 1007 2304 1058 de-

78 1090 322 1143 finitione
362 1093 718 1144 sancirentur.
794 1090 884 1143 Ad
926 1109 989 1142 ea
1037 1091 1363 1160 explicanda
1412 1091 1642 1142 multum
1696 1091 1981 1143 conferunt
2020 1091 2306 1142 Relationes

76 1176 290 1243 scriptae
330 1175 712 1244 Conqreyationi
755 1175 982 1244 yeneralc'
1019 1192 1134 1226 omn
1174 1175 1438 1226 schematis
1486 1175 1706 1226 traditae
1724 1173 1759 1240 3,
1810 1175 2005 1244 quibus
2057 1175 2304 1244 deputati

77 1257 190 1309 sive
228 1259 495 1310 rationem
537 1263 836 1328 exponunt,
879 1276 1041 1327 quam
1080 1259 1135 1309 in
1169 1259 1444 1310 schemate
1487 1258 1773 1310 formando
1816 1259 1987 1309 secuti
2028 1259 2149 1323 sint,
2191 1258 2303 1308 sive

78 1341 145 1393 de
199 1341 758 1394 animadversionibus
810 1347 1006 1410 agunt,
1060 1342 1252 1410 quibus
1305 1341 1523 1407 Patres,
1578 1341 1707 1409 quid
1759 1341 1824 1393 de
1877 1342 2150 1393 schemate
2202 1340 2303 1391 sibi

78 1430 239 1477 antea
276 1427 382 1477 iam
422 1426 620 1477 tradito
662 1425 941 1491 sentirent,
982 1426 1183 1493 scripto
1224 1424 1679 1493 significaverant.

223 1509 429 1561 Seriem
470 1526 672 1571 eorum,
715 1525 852 1576 quae
893 1509 945 1559 in
989 1508 1425 1576 Congregatione
1466 1508 1709 1576 generali
1754 1507 1818 1558 de
1859 1508 2146 1559 schematis
2187 1511 2304 1557 acta

77 1596 226 1657 sunt,
278 1591 539 1644 exhibent
576 1593 704 1643 Aeta-
747 1591 1198 1660 Conqreqatlonum
1234 1592 1551 1659 yeneralz‘zcm
1600 1593 1907 1643 sacrosancti
1949 1590 2160 1642 Consilii
2207 1588 2306 1641 Va-

78 1675 269 1727 ticani⁴
325 1693 394 1727 ex
450 1675 578 1745 ipsis
621 1675 849 1727 Concilii
905 1676 1036 1726 actis
1089 1675 1331 1726 collecta.
1412 1675 1754 1735 Quaesiverit
1807 1676 2072 1744 quispiam
2132 1675 2185 1724 in
2241 1674 2305 1724 iis

79 1760 348 1811 orationes
388 1759 612 1811 Patrum
664 1759 717 1809 in
759 1757 1289 1827 Congregationibus
1339 1758 1688 1827 generalibus
1744 1758 1970 1810 habitas
2049 1757 2154 1808 Eas
2207 1775 2304 1826 pu-

78 1841 204 1894 blici
242 1843 371 1893 iuris
412 1842 619 1907 facere,
676 1847 734 1893 ut
775 1842 930 1893 facile
972 1847 1147 1910 patet,
1202 1859 1308 1893 non
1360 1843 1467 1893 iam
1508 1842 1677 1894 licuit.
1756 1841 1949 1910 Neque
2003 1847 2185 1892 tamen
2236 1842 2303 1892 ad

78 1925 503 1978 Constitutiones
543 1930 690 1977 recte
734 1925 1081 1994 explicandas
1124 1926 1353 1976 multum
1397 1925 1585 1976 deesse
1629 1925 1960 1977 censendum
2003 1931 2099 1977 est.
2169 1923 2303 1976 Ora-

79 2008 253 2060 tiones
306 2009 448 2059 enim
498 2008 654 2073 illae,
707 2026 869 2077 quum
923 2008 1152 2059 multum
1205 2008 1272 2059 ad
1323 2008 1601 2060 historiam
1645 2009 1873 2060 Concilii
1924 2008 2301 2060 illustrandam

80 2092 361 2144 conferant
401 2098 561 2161 atque
602 2092 942 2144 abundanter
982 2099 1303 2160 argumenta
1344 2093 1592 2159 offerant,
1635 2093 1827 2161 quibus
1869 2110 1953 2144 res
1994 2094 2302 2163 propositae

81 2183 135 2227 et
186 2193 276 2227 eas
327 2175 622 2227 definiendi
672 2176 965 2227 necessitas
1006 2177 1092 2227 vel
1145 2176 1564 2245 comprobentur
1618 2178 1705 2228 vel
1761 2183 2174 2246 oppugnentur,
2235 2177 2303 2228 ad

79 2260 254 2328 ipsum
305 2277 520 2311 sensum
563 2258 1019 2311 Constitutionum
1073 2261 1459 2329 explicandum
1511 2262 1604 2312 vix
1657 2262 1949 2330 quidquam
2008 2262 2301 2325 continent,

82 2342 224 2411 quod
263 2361 371 2395 non
411 2343 475 2395 iis
516 2344 679 2395 etiam
721 2343 1058 2395 documentis
1100 2344 1354 2410 offertur,
1407 2362 1543 2413 quae
1596 2346 1649 2396 in
1692 2345 2027 2396 Collectione
2069 2351 2300 2396 exstant.

77 2426 269 2496 Neque
310 2427 451 2478 enim
493 2428 761 2478 orationes
802 2445 1017 2479 sensum
1049 2427 1460 2479 Constitutionis
1503 2445 1596 2496 per
1637 2446 1692 2479 se
1736 2429 2012 2496 explicant
2051 2428 2114 2478 iis
2152 2428 2301 2494 lociS,

80 2510 273 2579 quibus
325 2509 389 2561 de
439 2510 756 2562 necessitate
808 2510 1033 2562 alicuius
1083 2511 1410 2562 definitionis
1459 2513 1571 2562 sive
1624 2511 1691 2563 de
1746 2512 2023 2563 doctrinae
2077 2512 2302 2564 alicuius

80 2594 306 2645 veritate
356 2594 444 2645 vel
493 2593 727 2645 falsitate
770 2595 975 2663 agitur,
1028 2594 1122 2646 sed
1161 2595 1252 2661 iis,
1307 2595 1499 2664 quibus
1551 2597 1660 2665 ipsa
1710 2595 1999 2647 schematis
2040 2598 2300 2665 propositi

80 2676 229 2728 verba
268 2681 322 2728 et
359 2678 622 2728 sententiae
661 2678 748 2728 vel
788 2678 902 2730 veri
944 2679 1030 2730 vel
1071 2679 1190 2729 falsi
1234 2679 1318 2729 vel
1360 2679 1602 2747 ambigui
1658 2680 1862 2748 aliquid
1904 2681 2181 2732 continere
2226 2682 2300 2732 di-

80 2764 273 2810 cuntur
313 2777 407 2810 seu
436 2760 731 2812 rationibus
770 2761 948 2812 allatis
987 2780 1127 2813 nova
1155 2762 1335 2831 aliqua
1376 2763 1606 2814 formula
1646 2765 1708 2814 iis
1737 2764 2114 2816 substituenda
2143 2765 2300 2817 offer-

76 2848 179 2895 tur.
231 2842 366 2908 Iam,
409 2861 546 2911 quae
588 2843 785 2912 singuli
827 2845 1019 2896 Patres
1059 2846 1113 2896 in
1155 2845 1593 2914 Congregatione
1635 2848 1875 2915 generali
1919 2848 1971 2899 in
2014 2849 2299 2901 schematis

77 2925 273 2976 mutari
313 2931 367 2977 et
407 2943 543 2994 quae
584 2925 835 2978 substitui
875 2928 1157 2994 volebant,
1212 2929 1556 2981 continentur
1606 2931 1660 2981 in
1713 2933 1906 2982 nostris
1948 2932 2299 2984 documentis.

77 3007 327 3060 Vidimus
357 3010 500 3060 enim
527 3027 690 3079 supra
710 3009 745 3076 ⁵,
788 3010 993 3075 Patres,
1037 3013 1124 3080 qui
1156 3012 1362 3081 aliquid
1392 3014 1750 3065 omittendum
1781 3015 1866 3066 vel
1897 3016 2298 3067 emendandum

77 3108 189 3143 esse
230 3092 286 3142 in
328 3091 765 3162 Congregatione
807 3096 1051 3162 generali
1095 3096 1524 3163 contendebant,
1583 3097 1637 3148 id
1678 3100 1876 3168 scripto
1920 3100 2297 3168 consignatum

0 3223 2 3225 ,
78 3173 421 3226 Praesidibus
447 3176 664 3228 tradere
707 3177 972 3243 debuisse,
1015 3196 1114 3230 nec
1156 3180 1448 3249 quidquam
1478 3198 1621 3245 sane,
1665 3199 1830 3250 quum
1871 3182 2299 3234 reformarentur

76 3257 369 3323 schemata,
397 3259 806 3328 respiciebatur,
834 3260 935 3311 nisi
965 3261 1109 3329 quod
1137 3263 1394 3331 scriptum
1422 3269 1537 3314 erat
1564 3263 1840 3315 traditum.
1893 3264 2088 3316 Omnia
2118 3271 2296 3318 autem

77 3338 300 3391 Patrum
349 3343 624 3411 proposita
678 3344 877 3413 scripto
934 3344 1130 3396 tradita
1187 3346 1531 3398 continentur
1592 3347 1960 3412 documentis,
2026 3366 2163 3417 quae
2220 3350 2298 3400 in-

76 3422 273 3490 scripta
323 3429 445 3475 sunt
484 3424 873 3478 Emendationes
923 3428 1034 3481 sive
1075 3429 1399 3497 Excepte'ones
1447 3447 1478 3480 a
1519 3430 1762 3482 Patribus
1812 3432 1865 3481 in
1909 3431 2299 3499 C07291·eqatz'one

73 3506 299 3572 ymzerali
325 3506 502 3571 ,factae
522 3508 554 3557 ⁶.

223 3629 236 3654 ¹
274 3630 328 3677 P.
381 3632 420 3676 1.
469 3633 510 3677 3.
550 3634 593 3678 4.
631 3634 674 3679 6.
933 3633 948 3659 ²
986 3634 1040 3681 O.
1088 3634 1148 3681 V.
1204 3636 1369 3682 1628a
1416 3651 1524 3698 sqq.
1574 3638 1678 3683 69a
1727 3654 1833 3700 sqq.
1887 3640 2027 3685 215a
2077 3655 2185 3702 sqq.
2234 3668 2294 3674 ——

81 3705 249 3751 1640b
290 3720 397 3766 sqq.
434 3707 572 3752 269a
608 3723 712 3769 sqq.
752 3710 885 3756 4261)
925 3725 1032 3771 sqq.

220 3778 236 3805 ³
273 3779 401 3827 Ibid.
440 3782 543 3827 782.
579 3797 685 3844 sqq.
723 3811 782 3816 -—
853 3786 989 3830 274a
1015 3800 1123 3846 sqq.
1256 3785 1276 3812 4
1313 3787 1441 3833 Ibid.
1481 3789 1616 3835 7091)
1657 3804 1765 3850 sqq.
1908 3788 1923 3813 ⁵
1960 3789 2013 3836 P.
2052 3792 2097 3836 4.

221 3853 236 3880 ⁶
275 3854 328 3901 O.
365 3856 425 3902 V.
464 3857 568 3902 881)
607 3873 712 3919 sqq.
750 3861 854 3905 98a
891 3875 996 3922 sqq.
1039 3862 1174 3908 1201)
1214 3877 1321 3922 sqq.
1373 3864 1507 3910 1551)
1547 3879 1652 3924 sqq.
1695 3866 1824 3910 1950Υ
1863 3880 1969 3925 sqq.
2009 3866 2146 3912 2191)
2185 3881 2294 3927 sqq.

80 3955 135 3959 -
172 3931 308 3978 301b
346 3946 454 3993 sqq.
491 3933 629 3981 3121)
664 3949 771 3995 sqq.
809 3936 947 3981 332d
985 3952 1090 3998 sqq.
1129 3939 1261 3984 3720
1299 3953 1407 4000 sqq.
1446 3941 1581 3985 345a
1619 3955 1725 4000 sqq.
1765 3942 1899 3987 4532a
1937 3956 2045 4002 sqq.
