2548 4290
886 167 1089 210 Canones
1121 170 1284 222 capitis
1314 169 1394 210 111.
1425 169 1503 210 IV.
2223 168 2298 220 ,99

236 314 286 365 4.
328 311 385 364 Si
425 312 541 381 quis
576 311 791 378 dixerit,
831 311 1093 364 miracula
1119 312 1270 364 nulla
1295 311 1412 364 fieri
1439 329 1613 381 posse,
1653 313 1989 382 proindeque
2019 328 2204 364 omnes
2232 310 2299 363 de

16 456 19 460 ,
91 397 157 450 iis
194 395 554 461 narrationeS,
607 395 772 447 etiam
810 394 863 446 in
906 412 1059 448 sacra
1099 395 1378 463 Scriptura
1419 400 1731 462 contentae,
1785 397 1926 448 inter
1965 395 2175 447 fabulas
2212 393 2300 446 vel

93 479 304 549 mythos
331 478 663 547 ablegandas
690 494 834 543 esse3
864 483 957 530 aut
979 478 1240 531 miracula
1261 483 1408 530 certo
1427 479 1678 547 cognosci
1697 497 1973 548 nunquam
1996 495 2170 549 posse,
2200 492 2300 528 nec

90 563 155 615 iis
194 561 429 613 divinam
466 561 745 630 religionis
785 561 1108 613 christianae
1150 562 1414 631 originem
1455 562 1556 614 rite
1598 562 1847 631 probari3
1889 563 2178 614 anathema
2217 560 2301 612 sit.

236 646 284 696 5.
336 644 393 697 Si
443 644 560 713 quis
610 643 837 711 dixerit,
891 661 1167 696 assensum
1206 644 1333 697 fidei
1372 644 1696 697 christianae
1747 662 1856 697 non
1897 661 2010 697 esse
2050 644 2301 709 liberum,

86 726 187 781 sed
224 727 556 795 argumentis
595 727 863 780 humanae
902 727 1126 780 rationis
1175 727 1479 780 necessario
1530 726 1820 796 produoi13
1873 732 1966 780 aut
2015 727 2083 779 ad
2133 726 2303 779 solam

90 809 251 863 fidem
291 809 496 876 vivam,
537 826 675 878 quae
715 827 811 879 per
852 809 1168 862 charitatem
1208 815 1489 880 operatur,
1530 811 1759 879 gratiam
1799 809 1903 862 Dei
1945 809 2304 862 necessariam

89 890 278 957 esse23
319 892 608 945 anathema
646 893 730 946 sit.
1692 939 1697 944 .

238 977 284 1027 6.
327 974 384 1027 Si
423 975 539 1044 quis
580 975 797 1041 dixerit,
838 994 1024 1045 parem
1066 994 1181 1028 esse
1223 976 1589 1029 conditionem
1627 976 1869 1028 fidelium
1898 981 2058 1045 atque
2100 992 2303 1040 eorum,

91 1058 184 1129 qui
219 1057 288 1110 ad
327 1057 488 1111 fidem
527 1059 685 1112 unice
726 1077 910 1112 veram
938 1060 1179 1112 nondum
1208 1064 1592 1129 pervenerunt,
1634 1060 1710 1111 ita
1732 1064 1792 1110 ut
1820 1059 2071 1112 catholici
2110 1059 2306 1110 iustam

88 1159 307 1195 causam
357 1141 560 1194 habere
611 1143 847 1212 possint,
902 1142 1092 1209 fidem,
1152 1160 1312 1212 quam
1363 1142 1461 1194 sub
1513 1142 1786 1195 Ecclesiae
1839 1142 2148 1210 magisterio
2199 1141 2307 1193 iam

90 1231 470 1296 susceperunt,
524 1244 746 1279 assensu
785 1245 1044 1296 suspenso
1085 1227 1140 1278 in
1181 1226 1405 1278 dubium
1445 1226 1703 1293 vocandi,
1762 1225 1934 1278 donec
1976 1226 2307 1278 demonstra-

92 1309 294 1362 tionem
343 1310 692 1362 scientificam
743 1310 1115 1363 credibilitatis
1168 1315 1222 1363 et
1261 1311 1503 1363 veritatis
1553 1310 1679 1362 fidei
1730 1327 1858 1363 suae
1910 1307 2306 1373 absolverint33

90 1393 383 1446 anathema
424 1394 507 1447 sit.

1152 1479 1248 1531 IV.

974 1595 1031 1639 De
1063 1595 1140 1640 fide
1173 1595 1217 1640 et
1249 1594 1428 1640 ratione.

245 1700 290 1750 1.
332 1697 388 1750 Si
428 1697 545 1766 quis
585 1696 803 1763 dixerit,
842 1697 896 1748 in
930 1697 1266 1750 revelatione
1295 1698 1479 1749 divina
1504 1697 1654 1749 nulla
1682 1715 1811 1749 vera
1839 1703 1892 1749 et
1919 1697 2136 1766 proprie
2167 1697 2310 1749 dicta

97 1781 353 1851 mysteria
392 1781 672 1847 contineri,
713 1781 807 1832 sed
848 1781 1102 1833 universa
1141 1781 1268 1833 fidei
1309 1782 1565 1850 dogmata
1592 1799 1748 1851 posse
1776 1798 1872 1850 per
1912 1781 2179 1833 rationem
2208 1782 2308 1833 rite

96 1864 367 1917 excultam
397 1881 425 1916 e
454 1863 789 1916 naturalibus
817 1865 1093 1933 principiis
1120 1866 1352 1934 intelligi
1375 1870 1429 1917 et
1458 1863 1879 1929 demonstrari⁴;
1910 1865 2199 1916 anathema
2226 1865 2308 1918 sit.

98 2007 147 2052 et
181 2004 311 2051 hanc
348 2018 457 2050 esse
492 2003 800 2062 autopiston.
840 2041 850 2050 .
888 2040 899 2051 .
957 2004 1071 2050 Non
1107 2008 1432 2065 argumenta,
1479 2018 1579 2049 non
1615 2003 2078 2050 verisimilitudines
2116 2004 2312 2064 quaeri-

20 2072 24 2076 ’
98 2094 222 2138 mus,
261 2079 443 2140 quibus
479 2078 719 2126 iudicium
745 2083 977 2127 nostrum
1013 2080 1286 2139 incumbat,
1325 2079 1413 2126 sed
1448 2083 1506 2126 ut
1541 2079 1614 2125 rei
1640 2082 1786 2126 extra
1810 2078 2113 2125 aestimandi
2148 2079 2310 2126 aleam

98 2155 292 2217 positae
327 2154 564 2202 iudicium
601 2155 960 2217 ingeniumque
996 2159 1226 2202 nostrum
1264 2152 1606 2203 subiicimus.“
1632 2153 1872 2213 ,(Oalvin.
1910 2154 2077 2202 Instit.
2114 2155 2154 2201 I.
2193 2170 2231 2202 c.
2268 2157 2311 2202 7.

99 2246 146 2278 n.
186 2232 226 2277 1.
263 2230 327 2288 5.)
365 2256 424 2262 —
464 2229 665 2291 „Cuivis
715 2232 1002 2292 probationi
1042 2247 1129 2291 pro
1166 2232 1384 2278 veritate
1433 2235 1484 2279 et
1529 2231 1836 2278 necessitate
1886 2230 2144 2291 religionis
2183 2231 2310 2278 chri-

98 2308 292 2355 stianae
329 2308 529 2355 omnino
566 2310 943 2369 renuntiamus;
991 2310 1078 2356 sed
1112 2310 1280 2371 potius
1318 2309 1675 2370 supponimus,
1728 2309 2001 2369 unicuique
2039 2308 2311 2357 christiano

97 2387 217 2432 ante
251 2384 538 2431 huiusmodi
579 2385 931 2446 inquisitiones
966 2386 1065 2432 iam
1101 2400 1210 2432 esse
1247 2389 1468 2445 certum,
1521 2400 1643 2431 suae
1678 2385 1857 2445 pietati
1892 2398 1992 2430 non
2030 2384 2178 2431 aliam
2215 2385 2314 2431 for-

99 2475 231 2507 mam
267 2464 467 2521 praeter
502 2462 631 2508 hanc
668 2461 1034 2520 (christianam)
1072 2460 1397 2523 congruere.“
1471 2461 1948 2520 (Schleiermacher,
1991 2461 2162 2507 Doctr.
2200 2461 2315 2509 fidei

97 2534 126 2594 ’ξ
166 2535 259 2593 11.)
299 2561 359 2568 -
395 2536 492 2583 Pro
530 2537 628 2583 illis
667 2536 900 2597 [dicunt],
939 2538 1023 2597 qui
1058 2537 1280 2584 nondum
1316 2528 1623 2584 inclinantur
1660 2537 1721 2584 ad
1758 2537 2051 2597 religionem
2090 2537 2317 2584 christia-

99 2627 230 2669 nam,
271 2612 512 2658 miracula
538 2616 655 2659 sunt
682 2613 1209 2673 incomprehensibilia
1235 2613 1482 2675 quaedam
1515 2613 1666 2671 facta,
1705 2613 1792 2659 sed
1819 2628 1918 2660 non
1954 2612 2096 2672 signa
2121 2612 2314 2660 altioris

97 2686 316 2734 virtutis.
364 2686 509 2734 Unde
545 2688 830 2748 praetensio
867 2688 1125 2735 Ecclesiae
1160 2688 1419 2735 Romanae
1456 2704 1596 2735 suam
1633 2689 1900 2735 veritatem
1937 2689 2317 2735 demonstrandi

96 2777 163 2809 ex
199 2762 453 2809 miraculis
489 2763 761 2810 reiicienda
799 2767 889 2810 est.
962 2764 1152 2824 „Illud‚
1196 2766 1276 2811 cui
1311 2764 1434 2811 fides
1469 2765 1519 2810 in
1558 2765 1836 2811 doctrinam
1875 2764 2165 2826 Scripturae
2202 2765 2317 2811 ulti-

100 2838 272 2885 matim
309 2839 566 2898 innititur,
616 2843 692 2886 est
727 2839 835 2900 ipsa
868 2840 974 2887 vita
1009 2840 1284 2887 christiana
1320 2856 1350 2887 a
1384 2841 1491 2887 Deo
1529 2856 1617 2901 per
1652 2841 1861 2888 verbum
1910 2856 2056 2888 suum
2094 2842 2317 2889 excitata

96 2918 151 2962 et
185 2930 355 2962 secum
391 2915 560 2962 ferens
595 2915 938 2963 immediatam
986 2914 1391 2964 certitudinem.“
1464 2917 1745 2976 (Twesten,
1793 2917 2037 2964 Praelect.
2077 2919 2239 2979 dogm.
2276 2917 2315 2963 I.

100 3005 147 3051 p.
184 2992 276 3037 346
316 3006 424 3053 sqq.
462 2993 553 3038 393
592 2990 720 3053 sqq.)
791 2992 1065 3039 Multorum
1103 2993 1316 3039 aliorum
1354 2993 1637 3040 sententiae
1667 2994 1898 3054 geminae
1935 2994 2157 3041 citantur
2193 3010 2222 3041 a
2258 2994 2317 3040 cl.

100 3066 401 3128 Denzinger,
437 3068 513 3114 De
549 3068 734 3128 cognit.
771 3068 913 3129 relig.
946 3069 1015 3116 II.
1051 3085 1098 3130 p.
1136 3070 1228 3115 305
1267 3084 1375 3130 sqq.
1445 3068 1519 3127 (O.
1557 3069 1618 3116 V.
1655 3071 1747 3116 528
1766 3069 1833 3127 d.)

249 3143 263 3169 ¹
301 3143 441 3198 Quae
495 3143 555 3190 de
606 3144 709 3213 hoc¹
750 3143 861 3190 loco
914 3144 1171 3205 disputata
1208 3150 1349 3204 sunt,
1402 3162 1447 3192 v.
1500 3161 1654 3207 supra
1705 3161 1812 3206 cap.
1850 3146 1888 3192 I.
1943 3146 2171 3194 Historia
2223 3146 2318 3192 ori-

96 3218 230 3279 ginis
268 3223 360 3266 etc.
397 3235 443 3280 p.
481 3221 540 3266 23
579 3235 650 3281 sq.
720 3220 794 3266 De
832 3235 1004 3267 errore
1041 3221 1103 3268 of.
1141 3236 1293 3283 supra
1328 3237 1373 3282 p.
1417 3223 1488 3268 14.
1526 3238 1573 3268 n.
1611 3224 1655 3268 6.

19 3302 23 3306 ’
247 3294 263 3320 ²
299 3295 512 3342 Errores
547 3296 763 3343 reiectos
799 3312 845 3343 v.
881 3312 1033 3358 supra
1068 3312 1115 3358 p.
1153 3299 1229 3344 85.
1266 3314 1313 3344 n.
1354 3299 1395 3345 1.

249 3369 264 3396 3
300 3370 375 3417 De
421 3371 674 3418 Hermesii
722 3371 951 3418 doctrina
1000 3372 1094 3419 hoc
1146 3387 1339 3420 canone
1388 3374 1659 3434 reprobata
1710 3388 1767 3419 ac
1819 3389 1970 3421 sensu
2021 3374 2226 3420 canonis
2273 3389 2317 3420 v.

101 3460 256 3507 supra
291 3461 399 3508 cap.
438 3447 504 3494 ΙΙ.
543 3451 812 3495 comment.
847 3447 936 3495 IV.
973 3464 1019 3509 p.
1057 3450 1115 3494 61
1155 3463 1263 3510 sqq.

246 3520 267 3548 4
303 3521 507 3569 Oanone
542 3523 646 3584 peti
681 3524 922 3585 imprimis
959 3528 1246 3585 novatoreS,
1285 3526 1345 3572 de
1383 3540 1597 3586 quorum
1634 3526 1892 3574 erroribus
1928 3530 2047 3587 agat
2081 3526 2200 3572 Pius
2227 3526 2318 3572 IX.
2386 3542 2390 3549 ¹

103 3596 263 3645 literis
301 3598 363 3645 ad
399 3598 635 3659 Archiep.
672 3600 1077 3647 Monachiensem
1116 3600 1211 3659 (11.
1248 3600 1369 3649 Dec.
1409 3601 1552 3660 1862)
1592 3602 1736 3662 datis,
1773 3602 2130 3649 animadvertit
2155 3602 2322 3664 Episc.

104 3671 216 3732 Pie,
263 3674 604 3735 deputationis
651 3675 857 3723 relator.
926 3676 1145 3735 (Relatio
1191 3680 1286 3724 etc.
1358 3677 1412 3724 O.
1450 3678 1513 3725 V.
1549 3679 1642 3724 207
1661 3677 1725 3735 a.)
1766 3704 1824 3710 —
1874 3678 2084 3740 Aliqua,
2138 3679 2320 3740 quibus

106 3746 294 3796 Summi
329 3749 596 3797 Pontifices
631 3750 731 3797 iam
768 3751 828 3798 de
865 3767 1035 3799 errore
1071 3753 1353 3814 proscripto
1392 3757 1539 3801 antea
1576 3754 1797 3815 egerint,
1837 3754 2060 3815 theologi
2097 3769 2160 3800 ex
2195 3754 2321 3802 actis

104 3821 167 3955 ῗο
190 3823 329 3945 ὃῧᾶίε
366 3825 427 3872 ad
463 3825 629 3958 locujm
664 3828 1053 3888 respondentem
1091 3828 1360 3876 schematis
1409 3829 1470 3876 de
1508 3829 1740 3876 doctrina
1790 3830 2039 3876 catholica
2074 3831 2320 3878 referunt.

173 3929 184 3942 .
273 3936 282 3947 .
319 3901 412 3948 525
451 3915 558 3962 sqq.

1910 3982 1972 4024 Ῑῆὲ
