2548 4290
351 145 594 187 Comment.
626 144 706 184 ΙΙΙ.
760 145 830 184 De
861 144 1088 184 Primatus
1122 155 1221 183 cum
1254 143 1457 183 Romana
1487 143 1593 183 sede
1625 147 1915 184 connexione.
2138 142 2237 193 143

32 308 188 345 mana
225 287 353 340 sede
392 288 521 339 iuris
561 287 781 339 humani
821 292 926 355 est,
968 291 1255 355 propterea
1294 303 1392 352 sc.,
1433 287 1558 355 quia
1597 287 1714 356 ipsa
1753 287 2084 356 perpetuitas
2124 285 2241 337 Pri-

32 377 202 428 matus
242 371 411 422 divini
461 371 590 421 iuris
631 374 728 421 est.
804 369 910 421 Hic
949 374 1132 420 tamen
1171 386 1370 435 canon,
1424 370 1466 420 si
1506 375 1744 421 mutatus
1795 388 1903 422 non
1944 374 2110 433 esset,
2165 368 2242 420 fa-

33 456 130 511 cile
169 455 243 506 ita
283 454 545 523 explicari
585 453 878 521 potuisset,
922 458 981 503 ut
1021 452 1263 503 divinum
1303 452 1385 503 ius
1425 453 1777 504 connexionis
1817 453 1960 503 illius
2001 468 2241 504 asserere

33 539 313 592 diceretur.
367 536 544 596 Quum
583 536 726 587 enim
767 535 933 604 priori
974 536 1087 587 eius
1126 540 1279 603 parte
1319 535 1426 587 iam
1466 553 1640 587 sermo
1682 540 1822 587 esset
1863 535 1927 586 de
1968 534 2243 604 perpetui-

33 626 140 675 tate
187 620 457 671 Primatus
507 636 539 670 a
593 618 806 670 Christo
854 619 1134 683 instituta,
1187 619 1358 669 altera
1403 624 1664 686 praeterea
1719 617 1914 669 dicitur
1963 618 2243 669 Romanus

31 702 287 758 Pontifex
326 702 468 753 hunc
507 702 809 753 Primatum
847 703 960 753 iure
998 702 1168 753 divino
1209 701 1470 754 obtinere.
1548 701 1880 753 Instantibus
1931 702 2095 769 igitur
2135 701 2238 752 Pa-

32 786 198 841 tribus
237 790 472 837 mutatus
514 791 594 837 est
633 803 821 851 canon,
862 790 1023 854 atque
1053 785 1187 837 haec
1227 785 1343 853 ipsa
1384 785 1609 837 mutatio
1650 786 1756 836 iam
1797 789 2117 854 argumento
2148 788 2242 850 est,

30 870 218 923 Patres
258 869 338 919 ius
380 868 616 919 divinum
661 869 1014 920 connexionis
1053 868 1196 919 illius
1235 886 1475 920 asserere
1517 868 1764 920 noluisse.

170 952 354 1021 Atque
394 952 535 1004 inter
572 953 715 1021 ipsas
745 952 1166 1017 observationeS,
1209 970 1338 1020 quas
1366 952 1558 1003 Patres
1598 951 1664 1004 de
1704 953 1928 1021 pristino
1970 950 2243 1002 schemate

32 1035 254 1105 scriptas
294 1035 663 1101 tradiderunt,
704 1035 917 1105 aliquae
960 1036 1101 1087 circa
1140 1052 1400 1087 canonem
1440 1035 1565 1087 XV.
1609 1041 1661 1087 et
1699 1036 1875 1087 locum
1914 1033 2244 1103 responden-

31 1123 137 1172 tem
176 1118 365 1186 capitis
404 1118 692 1185 undecimi,
734 1137 894 1188 quem
934 1137 1098 1187 supra
1135 1120 1434 1184 citavimuS,
1475 1123 1775 1184 versantur,
1819 1118 2011 1187 quibus
2052 1134 2244 1169 cavere

31 1200 232 1267 volunt,
271 1219 339 1254 ne
379 1202 461 1253 ius
501 1202 742 1253 divinum
783 1203 1136 1254 connexionis
1169 1202 1441 1254 Primatus
1483 1220 1602 1253 cum
1642 1202 1889 1253 Romana
1929 1200 2056 1253 sede
2097 1199 2245 1251 vide-

33 1289 150 1337 atur
201 1285 470 1336 enuntiari
494 1284 525 1336 ¹.
602 1285 863 1354 Deputati
914 1290 1096 1337 tamen
1135 1286 1350 1353 Patres,
1407 1303 1568 1353 quum
1612 1285 1828 1337 schema
1868 1284 2245 1350 reformarent,

32 1367 198 1420 verba
237 1369 426 1437 capitis
464 1374 517 1420 et
544 1386 804 1421 canonem
832 1368 1208 1421 retinuerunt²
1247 1370 1418 1438 iisque
1449 1369 1689 1419 divinum
1717 1369 1861 1420 illius
1890 1368 2246 1420 connexionis

33 1451 114 1503 ius
156 1452 388 1521 exprimi
436 1457 720 1520 negarunt.
801 1452 943 1512 Quid
983 1453 1238 1504 Patribus
1278 1453 1331 1503 in
1388 1453 1650 1504 relatione
1692 1470 1812 1503 cum
1854 1452 2126 1503 schemate
2166 1468 2247 1502 re-

34 1533 260 1586 formato
311 1535 374 1586 iis
421 1535 621 1587 tradita
659 1536 1065 1604 responderint,
1118 1536 1349 1587 vidimus
1403 1554 1565 1606 supra
1587 1535 1622 1585 3.
1703 1535 1913 1587 Clarius
1953 1533 2247 1603 respondet

177 1742 190 1769 ¹
231 1743 595 1804 Duodeviginti
632 1743 1044 1789 animadvertunt
1068 1742 1130 1788 ad
1158 1745 1309 1802 caput
1333 1741 1450 1787 XL:
1493 1741 1634 1799 „Non
1662 1740 1784 1786 satis
1810 1744 2037 1800 apparet,
2074 1742 2246 1785 utrum

33 1818 90 1866 de
123 1820 228 1865 iure
264 1820 424 1866 divino
459 1818 714 1865 Primatus
749 1819 820 1865 ita
856 1819 1084 1865 adnexus
1123 1818 1187 1864 sit
1222 1817 1479 1864 Romanae
1517 1816 1646 1875 sedi,
1695 1819 1750 1861 ut
1798 1816 1847 1862 in
1884 1815 2071 1861 nullius
2108 1818 2248 1873 pote-

41 1898 171 1942 state
208 1895 298 1955 sit,
347 1910 460 1942 eum
497 1896 547 1941 in
584 1896 733 1942 aliam
772 1895 938 1941 sedem
977 1894 1332 1941 transferendi.
1401 1893 1530 1939 Hinc
1567 1893 1772 1939 melius:
1826 1891 1938 1950 ‚Ita‚
1977 1896 2033 1938 ut
2068 1891 2249 1937 Roma-

35 1985 128 2017 nus
162 1971 400 2018 Pontifex
436 1971 588 2018 Petro
625 1971 676 2017 in
701 1971 1010 2032 Episcopatu
1047 1971 1321 2017 succedens
1358 1970 1497 2016 Petri
1533 1970 1690 2030 ipsius
1727 1968 2006 2014 Primatum
2055 1968 2103 2013 in
2140 1967 2250 2013 uni-

35 2061 228 2094 versam
265 2047 543 2094 Ecclesiam
570 2047 760 2093 Romae
798 2047 965 2093 divina
1003 2046 1319 2093 ordinatione
1357 2046 1689 2093 constitutum
1731 2047 2072 2105 consequatur
2110 2047 2158 2090 et
2195 2043 2244 2088 in

42 2136 158 2170 suos
194 2138 513 2171 successores
560 2120 931 2169 transmittat‘.“
1006 2121 1266 2183 (Synopsis
1314 2122 1568 2182 analytica
1604 2120 2015 2169 observationum
2063 2135 2110 2165 n.
2153 2118 2247 2176 12.)

34 2198 93 2246 In
130 2213 367 2246 canonem
405 2199 517 2246 XV.
553 2199 677 2245 haec
715 2200 1076 2246 observantur:
1133 2198 1366 2257 „Certum
1406 2203 1509 2257 est,
1549 2197 1704 2254 illum,
1744 2197 1827 2258 qui
1865 2196 2054 2241 Romae
2091 2195 2247 2254 sedet,

35 2289 142 2321 esse
178 2290 521 2322 successorem
557 2275 696 2321 Petri
732 2276 781 2321 in
817 2275 1064 2334 Primam,
1102 2279 1152 2321 et
1190 2275 1391 2335 quidem
1417 2275 1525 2321 iure
1565 2274 1760 2332 divin03
1800 2272 1886 2319 sed
1913 2288 2012 2318 non
2050 2271 2119 2318 ita
2146 2286 2249 2317 cer-

39 2354 144 2398 tum
181 2354 282 2410 est,
329 2367 503 2398 verum
542 2367 884 2399 successorem
920 2351 1058 2398 Petri
1095 2352 1144 2397 in
1180 2352 1290 2398 iure
1328 2352 1521 2410 divino,
1571 2354 1815 2412 perpetuo
1856 2349 2022 2395 sedem
2060 2348 2248 2393 Romae

33 2425 352 2486 habiturum3
402 2428 461 2475 de
501 2444 597 2489 quo
631 2428 770 2474 nulla
807 2432 975 2475 exstat
1012 2428 1180 2475 divina
1215 2429 1497 2489 promissio.
1567 2427 1735 2482 Quare
1781 2426 1911 2471 hanc
1948 2429 2142 2486 partem
2178 2425 2250 2470 ita

37 2503 398 2550 emendandam
435 2504 695 2565 proponit:
735 2503 802 2563 ‚Si
827 2503 939 2564 quis
976 2505 1174 2562 dixerit,
1212 2504 1493 2550 Romanum
1521 2502 1831 2561 Pontificem,
1871 2501 1955 2563 qui
1989 2515 2251 2547 successor

42 2582 119 2626 est
157 2579 288 2626 sedis
325 2578 480 2639 Petri,
516 2595 616 2626 non
654 2595 762 2626 esse
798 2580 907 2627 iure
945 2581 1112 2627 divino
1149 2580 1288 2627 Petri
1324 2581 1373 2626 in
1411 2580 1585 2627 eodem
1623 2579 1851 2625 Primatu
1890 2592 2249 2635 successorem,

34 2670 78 2701 a.
115 2652 169 2701 S.‘
237 2654 337 2703 Ubi
371 2654 428 2701 fit
465 2655 722 2702 distinctio
760 2656 892 2702 inter
935 2656 1103 2702 sedem
1140 2656 1280 2703 Petri
1318 2661 1367 2703 et
1418 2656 1584 2702 sedem
1622 2655 1916 2701 Romanam.
1986 2653 2149 2699 Priori
2188 2668 2250 2698 ex

33 2731 139 2777 iure
173 2730 360 2790 divino,
400 2731 548 2777 alteri
586 2746 642 2777 ex
675 2733 808 2788 facto
845 2732 1087 2779 tribuitur
1122 2730 1424 2778 Primatus.“
1488 2731 1750 2792 (Synopsis
1787 2746 1833 2776 n.
1873 2728 1969 2786 72.)
2009 2755 2067 2759 —
2106 2728 2249 2773 Alius

35 2806 270 2867 proponit
320 2821 561 2853 canonem
614 2807 707 2853 hac
755 2807 944 2854 forma:
1007 2807 1083 2867 „S.
1136 2823 1181 2867 q.
1230 2808 1304 2867 d.,
1354 2823 1453 2853 non
1504 2823 1611 2853 esse
1661 2843 1718 2852 ..
1759 2843 1768 2853 .
1819 2809 2092 2866 perpetuos
2141 2819 2251 2850 sue-

39 2897 281 2943 cessores,
317 2887 406 2930 aut
441 2883 722 2930 Romanum
760 2883 1074 2944 Pontificem,
1113 2888 1289 2946 utpote
1313 2884 1453 2931 Petri
1490 2885 1539 2930 in
1578 2884 1750 2930 eodem
1791 2882 2017 2928 Primatu
2056 2895 2250 2927 succes-

40 2972 230 3018 sorem,
283 2959 468 3006 eisdem
508 2975 564 3005 ae
603 2959 811 3007 Petrum
847 2960 1103 3008 Primatus
1151 2961 1518 3021 praerogativis
1570 2975 1721 3020 super
1756 2959 2041 3005 universam
2080 2956 2251 3002 Eccle-

43 3034 162 3081 siam
218 3035 327 3082 iure
380 3036 546 3082 divino
593 3052 692 3082 non
744 3037 993 3097 gaudere,
1046 3053 1088 3083 a.
1139 3035 1206 3083 s.“
1281 3037 1543 3098 (Synopsis
1594 3053 1641 3082 n.
1693 3034 1788 3093 73.)
1840 3062 1898 3065 ——
1944 3033 2072 3092 „Alii
2123 3033 2249 3078 Rffio

39 3109 181 3157 Patri
226 3111 277 3157 in
316 3127 507 3158 canone
543 3112 656 3159 XV.
704 3128 819 3174 pars
867 3113 1030 3160 altera
1076 3114 1389 3160 immutanda
1435 3112 1637 3159 videtur
1686 3117 1734 3159 et
1781 3112 2031 3158 alterutra
2079 3125 2142 3155 ex
2178 3125 2252 3154 se-

43 3189 315 3248 quentibus
349 3188 579 3235 formulis
616 3189 993 3236 substituenda:
1032 3194 1137 3249 ‚aut
1161 3190 1443 3236 Romanum
1480 3189 1774 3236 Pontificem
1811 3189 1866 3235 B.
1894 3189 2042 3234 Petro
2081 3186 2130 3231 in
2155 3185 2252 3231 Ro-

9 3278 188 3310 -mano
225 3264 534 3326 Episcopatu
583 3266 937 3314 succedentem
985 3266 1144 3312 eidem
1192 3267 1301 3312 iure
1354 3267 1519 3313 divino
1567 3267 1617 3312 in
1665 3265 1836 3312 eodem
1877 3264 2103 3309 Primatu
2150 3276 2249 3307 non

43 3338 346 3399 succedere‘‚
383 3340 485 3387 vel:
523 3346 628 3400 ‚aut
663 3341 944 3387 Romanum
970 3341 1264 3388 Pontificem
1300 3357 1401 3387 non
1438 3357 1546 3388 esse
1581 3342 1859 3402 legitimum
1887 3340 1942 3385 Β.
1969 3338 2107 3384 Petri
2144 3352 2253 3382 sue-

46 3430 318 3475 cessorem‚
365 3416 578 3478 ideoque
615 3418 724 3464 iure
773 3417 939 3464 divino
975 3432 1075 3464 non
1121 3418 1310 3465 habere
1346 3418 1623 3464 Primatum
1672 3418 1722 3463 in
1759 3413 2016 3462 Ecclesia‘.
2085 3414 2251 3459 Huius

43 3505 162 3537 vero
199 3491 466 3538 additionis
502 3493 631 3540 ratio
669 3498 760 3553 est,
799 3493 915 3554 quia
952 3493 1050 3539 duo
1088 3509 1389 3540 concurrere
1426 3494 1724 3552 debuerunt,
1761 3497 1818 3539 ut
1843 3493 2098 3537 Romanus
2123 3489 2255 3534 Pon-

50 3566 173 3613 tifex
210 3567 274 3614 sit
307 3567 364 3615 B.
401 3567 540 3615 Petri
577 3584 840 3616 successor
875 3570 924 3615 in
961 3568 1221 3628 Primam,
1258 3569 1418 3631 primo
1456 3570 1690 3616 voluntas
1718 3568 1906 3615 Christi
1943 3565 2250 3612 conferentis

47 3641 321 3688 Primatum
359 3643 415 3689 B.
441 3643 610 3703 Petro,
648 3646 867 3692 secundo
904 3646 1094 3691 factum
1132 3646 1187 3693 B.
1224 3646 1377 3705 Petri,
1417 3661 1514 3706 quo
1553 3646 1704 3707 elegit
1742 3646 1834 3691 sibi
1859 3644 2134 3689 Romanam
2178 3656 2252 3687 se-

51 3718 176 3765 dem.
246 3718 324 3764 Ex
358 3719 435 3765 his
473 3720 669 3768 duobus
706 3722 920 3782 primum
958 3721 1221 3767 constituit
1256 3737 1373 3768 vere
1410 3723 1486 3767 ius
1525 3722 1777 3779 divinum,
1818 3719 2094 3767 secundum
2130 3733 2249 3764 vero

50 3809 150 3840 non
185 3795 271 3854 ita,
309 3795 396 3841 sed
430 3795 528 3842 fuit
563 3798 769 3843 conditio
803 3802 1057 3857 perpetuae
1092 3794 1435 3844 successiom's.“
1510 3796 1768 3858 (Synopsis
1805 3812 1851 3841 n.
1891 3793 1987 3850 87.)

197 3873 213 3899 ²
249 3874 460 3921 Schema
496 3878 588 3922 etc.
659 3875 711 3923 O.
749 3877 810 3922 V.
848 3877 987 3923 27οᾶ
1025 3893 1096 3939 sq.
1134 3878 1275 3923 273d
1311 3893 1383 3939 sq.
1563 3877 1578 3903 ³
1616 3877 1668 3922 P.
1713 3879 1816 3923 140.
