2548 4290
809 131 1109 184 Exceptiones
1147 152 1197 158 -—
1230 132 1532 185 Lugdunense
1562 134 1620 175 ΙΙ.

2214 134 2316 185 239

180 273 401 321 tionibus
447 289 552 321 rem
597 276 972 335 proponendam
1024 279 1219 331 censet,

184 340 290 385 107.
359 337 653 385 Assentitur
704 339 750 386 S.
798 339 1037 386 Pontifex
1086 332 1220 387 107.¹

182 403 393 451 Schema
418 403 595 463 capitis
633 403 693 450 de
729 404 1093 451 infallibilitate
1119 420 1198 451 ca-

181 468 275 529 piti
310 468 572 515 undecimo
600 467 992 515 Constitutionis
1020 470 1079 516 de
1104 469 1221 516 Ec-'

186 533 340 580 clesia
374 533 580 580 additur
609 534 697 579 107
726 558 784 564 -
810 534 1049 581 Patribus
1086 505 1222 595 pro-i

184 597 390 659 ponitur
418 599 523 645 107.
569 597 764 644 Horum
803 597 1001 645 diversa
1035 598 1096 646 de
1122 606 1223 663 οῖ’-ζ
1311 599 1374 645 ad
1398 600 1661 646 veritatem
1698 600 2047 647 inveniendam
2083 600 2322 647 adhibere

186 661 300 708 dine
336 677 503 709 rerum
539 663 983 723 proponendarum
1032 664 1223 717 studia,
1313 663 1463 710 debet
1503 665 1608 711 183.
1644 665 1752 711 232.
1789 666 1898 711 234.

189 729 279 773 107
307 742 412 788 sqq.
461 725 771 774 Constitutio
810 728 869 774 de
905 727 1045 775 Rom.
1073 725 1505 787 Pon-<Iv'zscripti0
1543 727 1964 789 Constitutionum,
2008 744 2136 790 quae
2174 730 2237 775 sit
2275 732 2325 775 et

1309 276 1635 324 fallibilitatis
1671 278 1763 324 203
1801 293 1873 339 sq.
1944 277 2089 332 Quod
2136 277 2199 324 sit
2238 277 2322 323 ob-

1307 341 1491 387 iectum
1509 341 1721 389 infallib.
1736 343 1827 388 207
1844 358 1917 403 sq.
1947 343 2178 389 Summus
2192 342 2321 387 Pon-

1309 405 1384 451 tif.
1421 420 1522 452 non
1558 421 1648 466 per
1682 407 2081 467 inspirationem,
2118 407 2205 453 sed
2234 421 2321 467 per

1309 469 1650 517 assistentiam
1698 471 1913 532 Spiritus
1961 487 1997 518 s.
2044 471 2322 519 infallibilis

1311 538 1387 581 est
1423 536 1532 581 232.
1575 537 1668 581 234
1705 562 1764 567 —
1802 551 1860 582 ac
1895 536 2060 582 media
2103 536 2323 582 humana

187 791 333 850 tifice,
371 806 434 838 ex
467 806 575 852 cap.
599 792 863 839 undecimo
899 796 947 839 et
973 807 1080 853 cap.
1118 793 1225 839 ad-²

1315 808 1403 839 cur
1438 797 1682 853 usurpata
1719 795 1794 840 70.

189 857 293 903 dito
321 857 613 917 composita,
655 873 767 903 cum
795 857 1006 903 Patrum
1039 854 1532 918 emen-{Inspiratz'o,
1571 859 1688 918 quid
1727 859 1790 905 sit
1826 860 1885 904 47
1914 874 2020 919 sqq.
2058 860 2132 905 80.
2184 857 2324 912 Quae

189 921 478 968 dationibus
498 922 815 982 deputationi
833 923 1135 983 proponitur
1153 925 1204 969 et

192 986 462 1033 discutitur
502 987 593 1033 110
630 1001 737 1047 sqq.
775 1013 834 1019 -—-
869 1002 1053 1033 nomen
1101 1001 1228 1051 sor-2

190 1052 315 1098 titur
341 1051 531 1111 primae
557 1051 617 1097 de
643 1051 872 1098 Ecclesia
901 1053 992 1098 110
1019 1080 1079 1086 --
1105 1054 1228 1098 tra?

192 1116 328 1162 ditur
354 1115 750 1177 Congregationi
785 1131 956 1177 gener.
994 1132 1105 1163 cum
1131 1132 1205 1163 re-

193 1181 379 1228 latione
408 1183 516 1227 112.
564 1181 795 1227 Aliorum
823 1181 1102 1240 gratiarum
1130 1197 1209 1228 ac-

1315 922 1471 969 fuerit
1495 922 1656 969 Lessii
1693 923 1752 969 de
1788 923 2121 984 inspiratione
2160 923 2326 983 opinio

1318 989 1376 1033 49
1404 1002 1510 1047 sqq.
1557 987 1708 1035 Liber
1744 988 2038 1049 inspiratUS,
2076 986 2326 1048 quomodo

1319 1051 1522 1098 differat
1547 1067 1575 1098 a
1600 1053 1840 1099 canonico
1867 1054 1925 1098 51
1947 1068 2053 1113 sqq.
2079 1054 2156 1098 81.
2198 1051 2329 1106 Quid

1319 1117 1383 1163 sit
1418 1131 1498 1163 res
1534 1121 1739 1177 propter
1786 1117 1922 1163 aliud
1973 1117 2216 1178 inspirata
2251 1116 2329 1163 57.

1319 1181 1380 1228 V.
1418 1181 1678 1241 Scriptura
1714 1197 1870 1228 sacra.

193 1246 371 1306 tiones,
408 1246 621 1293 aliorum
661 1247 896 1307 querelae
937 1248 1043 1294 112.
1106 1246 1209 1294 Cur
1256 1245 1593 1305 [inerpretatio
1629 1245 1913 1306 Scripturae
1935 1260 2162 1292 normam
2190 1244 2331 1305 sequi

192 1311 331 1371 prius
389 1311 449 1358 de
497 1310 873 1358 Constitutione
930 1311 1090 1372 prima
1148 1312 1208 1358 de

192 1376 328 1423 Eccl.
355 1391 504 1437 quam
532 1376 592 1422 de
618 1376 727 1422 aliis
766 1377 1034 1423 schematis
1060 1392 1209 1437 agen-

195 1441 312 1487 dum
338 1441 403 1487 sit
431 1441 519 1487 107
547 1456 618 1500 sq.
659 1442 765 1487 112.
795 1443 901 1487 113.
952 1441 1208 1500 Rationes,

1322 1311 1470 1359 debet
1508 1326 1706 1358 sensum
1732 1311 1990 1358 Ecclesiae
2024 1313 2082 1357 53
2110 1326 2216 1371 sqq.
2255 1313 2330 1356 81.

1321 1401 1381 1407 ἡ·
1422 1377 1499 1434 „in
1535 1377 1686 1423 rebus
1718 1376 1833 1423 fidei
1860 1379 1909 1422 et
1931 1372 2177 1433 morum&
2214 1374 2333 1434 quid

1321 1441 1414 1488 sibi
1450 1441 1573 1486 velit
1608 1442 1669 1487 54
1706 1456 1813 1502 sqq.

195 1521 283 1552 cur
334 1506 461 1552 alius
514 1506 636 1552 ordo
687 1506 1052 1566 praeferendus
1103 1508 1207 1553 113.
1254 1504 1455 1552 Iudices.
1525 1506 1801 1564 Episcopos
1849 1506 1900 1551 in
1948 1503 2171 1551 Concilio
2222 1518 2331 1550 cum

193 1570 503 1616 Refutantur
551 1572 639 1616 113
690 1586 745 1632 sq

194 1635 353 1696 prima
391 1634 451 1682 de
487 1635 729 1682 Ecclesia.

261 1703 572 1750 Testimonia
586 1704 738 1751 trium
755 1703 1095 1751 Conciliorum
1115 1719 1205 1764 pro

195 1768 408 1817 infallib.
434 1768 481 1816 S.
499 1768 757 1815 Pontificis
786 1769 1077 1829 magisterio
1098 1771 1206 1816 231.

201 1835 288 1880 165
326 1849 433 1894 sqq.
481 1834 541 1880 V.
569 1833 1006 1894 Constantinopol.
1032 1834 1120 1880 IV.
1151 1860 1202 1864 —-

196 1898 428 1959 Lugdun.
466 1899 534 1945 ΙΙ.
584 1926 641 1930 -
691 1899 1040 1946 Florentinum
1082 1898 1209 1945 Con-

198 1963 380 2010 cilium.
449 1964 523 2010 Ea
566 1964 858 2011 referuntur
898 1978 999 2010 non
1036 1964 1098 2011 ad
1136 1979 1210 2010 so-

197 2028 301 2075 lum
327 2028 621 2090 Primatum,
659 2028 747 2075 sed
783 2030 932 2075 etiam
970 2029 1032 2076 ad
1069 2029 1212 2075 infal-

197 2093 483 2140 libilitatem
538 2095 623 2139 171
675 2109 746 2153 sq.
793 2122 855 2128 —
902 2110 1003 2140 non
1056 2094 1210 2140 solius

197 2158 455 2204 Romanae
501 2158 632 2205 sedis
677 2159 756 2205 vel
793 2159 1074 2218 Ecclesiae,
1123 2159 1211 2205 sed

198 2222 454 2270 Pontificis
483 2225 572 2269 172
611 2253 669 2256 —
708 2224 917 2285 eiusque
953 2239 983 2270 a
1015 2224 1210 2282 ceteris,

198 2302 297 2334 non
349 2289 544 2349 quidem
590 2289 840 2348 separati,
889 2293 942 2334 at
989 2289 1212 2335 distincti

199 2368 474 2413 eorumque
522 2353 795 2413 superioris
840 2355 944 2400 172.
1015 2354 1210 2401 Verba:

204 2417 484 2474 „Confirma
501 2417 683 2464 fratres
704 2415 846 2465 tuos“
872 2420 960 2464 170
974 2434 1081 2480 sqq.
1102 2420 1210 2465 232.

266 2486 398 2532 Num
426 2486 471 2533 S.
497 2485 755 2533 Pontificis
790 2486 1121 2533 infallibilitas
1149 2487 1212 2532 sit

202 2551 479 2611 personalis
521 2553 608 2597 175
635 2566 707 2611 sq.
745 2576 807 2581 —
843 2556 1077 2611 separata
1108 2553 1211 2597 177.

209 2617 297 2662 180
333 2641 392 2646 —
430 2616 664 2663 absoluta
714 2618 818 2661 181.
870 2618 959 2661 182
999 2646 1056 2650 —
1106 2617 1212 2662 eius

752 1587 798 1632 q.
865 1569 942 1617 Cf.
993 1570 1206 1618 Constit.

206 2680 360 2727 solius
386 2681 590 2740 propria
619 2682 707 2726 188
736 2695 841 2741 sqq.
879 2680 940 2727 cf.
973 2682 1075 2726 165.
1107 2683 1212 2726 185.

204 2745 336 2791 Num
373 2745 637 2804 Pontifex,
685 2748 956 2805 antequam
995 2745 1212 2804 definiat,

205 2810 468 2856 consilium
526 2810 888 2871 Episcoporum
948 2810 1215 2870 exquirere

204 2875 282 2922 vel
351 2875 628 2921 Ecclesiam
700 2875 962 2921 consulere
1034 2875 1215 2922 debeat

210 2941 298 2985 182
336 2955 443 3000 sqq.
490 2939 622 2986 Num
662 2941 705 2986 ei
742 2941 904 2986 forma
938 2940 1215 3000 praescribi

204 3004 391 3065 possit,
443 3020 542 3066 qua
578 3004 916 3051 definitionem
956 3005 1071 3051 edat
1112 3006 1215 3050 182.

209 3071 312 3116 183.
395 3069 517 3124 Quis
567 3070 630 3116 sit
678 3070 791 3116 finis
841 3069 1215 3116 infallibilitatis

204 3135 381 3194 pontif.
404 3136 508 3180 180.
549 3134 681 3180 Num
708 3135 814 3194 ipse
839 3137 1080 3195 tanquam
1107 3150 1216 3195 per-

205 3213 328 3245 sona
351 3200 550 3260 privata
569 3215 620 3245 se
637 3200 836 3246 haeresi
850 3199 1084 3246 addicere
1103 3213 1214 3260 pos-

205 3264 268 3310 sit
307 3266 413 3311 187.
463 3264 749 3310 Infallibilis
788 3267 877 3323 est,
916 3264 1116 3325 quando
1154 3279 1212 3309 ex

207 3329 448 3375 cathedra
483 3329 709 3388 loquitur
734 3330 844 3388 233,
882 3329 1001 3389 quid
1033 3329 1127 3375 hoc
1153 3329 1217 3374 sit

205 3394 326 3450 233,
372 3408 491 3439 num
534 3394 584 3439 id
632 3399 865 3440 constare
914 3394 1071 3454 possit
1108 3395 1214 3439 233.

204 3456 470 3504 Obiectum
496 3458 874 3505 infallibilitatis
892 3460 1024 3505 idem
1051 3461 1126 3504 est
1143 3462 1217 3504 at-

206 3537 302 3582 que
327 3523 578 3569 obiectum
605 3523 814 3570 infallib.
836 3523 969 3570 Eccl.
999 3525 1089 3569 190
1109 3537 1214 3583 sqq.

206 3589 315 3633 234.
384 3587 765 3648 Disputationes
818 3588 878 3634 de
925 3588 1122 3635 obiecto
1166 3587 1216 3633 in

206 3651 496 3698 definitione
534 3652 817 3699 exhibendo
861 3655 949 3699 193
988 3667 1094 3713 sqq.
1157 3653 1216 3697 In

205 3730 304 3776 qua
361 3716 589 3775 praecise
647 3732 701 3763 re
757 3717 913 3764 fuerit
971 3717 1214 3763 dissensio

211 3782 314 3826 199.
363 3781 462 3828 Res
500 3783 819 3842 componitur
845 3784 938 3829 200
965 3797 1072 3842 sqq.
1119 3781 1219 3827 Ex-

204 3844 407 3905 plicatio
455 3846 713 3893 doctrinae
771 3847 831 3892 dc
889 3847 1086 3894 obiecto
1146 3846 1242 3899 in->

1262 2809 1609 2867 Ledocleowslrgs
1624 2845 1637 2868 ,

1320 1570 1521 1617 Summo
1548 1570 1791 1616 Pontifice
1826 1585 1973 1616 veros
2012 1585 2120 1616 esse
2145 1568 2332 1615 iudices

1321 1637 1379 1681 73
1418 1650 1489 1697 sq.
1561 1635 1621 1681 V.
1661 1635 1958 1681 Concilium.
2016 1634 2268 1695 Episcopi.

1255 1760 1484 1815 Ketteler
1518 1767 1637 1827 (de),
1672 1768 1731 1814 G.
1758 1767 2000 1825 Emman.,
2040 1767 2206 1825 Episc.
2231 1766 2338 1812 Mo-

1319 1838 1479 1893 gunt.,
1509 1834 1569 1880 de
1595 1833 1770 1879 ordine
1796 1833 1846 1878 in
1872 1833 2024 1879 rebus
2052 1835 2197 1878 tract.
2228 1832 2334 1877 114.

1320 1899 1442 1945 Eius
1501 1901 1617 1944 ante
1669 1898 1799 1944 Sess.
1852 1897 1941 1943 IV.
2002 1896 2217 1957 epistola
2276 1895 2339 1942 ad

1322 1964 1579 2010 Summum
1616 1962 1802 2008 Pontif.
1846 1963 1951 2007 124.

1256 2028 1492 2089 Klentyen
1543 2028 1589 2074 S.
1642 2029 1680 2073 I.
1734 2027 1795 2073 de
1848 2026 1991 2087 culpa
2041 2025 2335 2072 defectionis

1321 2094 1534 2140 hominis
1572 2091 1806 2139 catholici
1843 2093 1899 2137 61
1922 2091 1951 2137 ¹.

1258 2219 1601 2273 Lamennaeus
1649 2226 1708 2272 de
1754 2225 1972 2272 naturali
2022 2224 2114 2270 Dei
2166 2223 2337 2284 cogni-

1325 2292 1461 2338 tione
1500 2293 1557 2336 36
1578 2290 1607 2337 ¹.

1258 2356 1451 2415 Leahy,
1502 2355 1713 2411 Patric.,
1751 2355 1985 2414 Archiep.
2024 2353 2337 2408 CasseHens..

1323 2436 1452 2467 unus
1478 2437 1503 2467 e
1532 2421 1700 2480 deput.
1726 2420 1842 2466 fidei
1868 2421 1910 2465 2.
1969 2419 2090 2464 Eius
2118 2420 2340 2464 schema-

1324 2487 1389 2532 tis
1437 2487 1496 2532 de
1532 2486 1757 2531 Romano
1795 2484 2038 2530 Pontifice
2089 2483 2338 2529 formandi

1326 2551 1543 2597 studium
1589 2552 1676 2596 109
1704 2576 1763 2581 —
1795 2549 1973 2595 relatio
2013 2548 2072 2594 de
2110 2548 2339 2594 emenda-

1324 2615 1548 2662 tionibus
1598 2616 1648 2660 in
1700 2615 1805 2660 eius
1864 2612 2176 2673 prooemium
2225 2628 2337 2673 pro-

1327 2680 1502 2741 positis
1543 2681 1648 2725 115.
1701 2677 1821 2725 127?
1860 2680 1964 2724 129.
2003 2678 2073 2735 (in
2122 2678 2290 2724 adnot.
2308 2677 2339 2735 :)

1327 2748 1414 2790 211
1457 2760 1527 2804 sq.

1706 2808 2021 2864 Miecislaus,
2101 2807 2338 2867 Archiep.

1327 2874 1604 2921 Gnesnens.
1653 2879 1701 2920 et
1738 2873 2085 2920 Posnaniens..
2135 2887 2264 2918 unus
2314 2887 2340 2918 e

1329 2941 1499 2998 deput.
1557 2939 1670 2984 fidei
1719 2940 1745 2982 2
1796 2965 1853 2969 -—
1900 2937 2221 2996 petitionem,
2282 2940 2338 2982 ut

1327 3004 1535 3051 infallib.
1594 3002 1772 3062 pontif.
1832 3002 2124 3058 definiatur,
2183 3001 2339 3047 tradit

1333 3071 1419 3114 106
1462 3095 1516 3099 ——
1553 3069 1616 3114 ad
1667 3068 1867 3113 schema
1915 3066 1975 3112 de
2021 3067 2161 3112 Rom.
2212 3066 2340 3112 Pon-

1328 3133 1460 3180 tifice
1507 3133 1824 3179 formandum
1875 3131 2069 3177 confert
2117 3131 2337 3177 studium

1332 3201 1435 3244 109.

1267 3262 1417 3309 Lessii
1452 3263 1512 3308 de
1547 3261 1876 3322 inspiratione
1912 3261 2140 3307 doctrina
2177 3261 2237 3306 50
2267 3275 2339 3318 sq.

1328 3328 1461 3373 Num
1512 3327 1560 3372 in
1614 3327 1873 3372 condendo
1927 3326 2128 3372 decreto
2182 3325 2240 3371 de
2293 3324 2340 3371 S.

1331 3392 1592 3452 Scriptura
1628 3408 1656 3437 a
1683 3390 1907 3437 Concilio
1946 3390 2053 3437 eius
2090 3389 2218 3436 ratio
2255 3390 2340 3435 ha-

1329 3457 1434 3504 bita
1470 3457 1534 3502 sit
1571 3457 1629 3502 49
1669 3471 1774 3515 sqq.

1264 3521 1580 3583 chqdzmense
1614 3519 1683 3567 II.
1720 3520 1873 3567 Conc.
1922 3520 1981 3565 de
2028 3534 2236 3565 recursu
2278 3518 2340 3564 ad

1331 3602 1367 3633 s,
1395 3585 1572 3632 Sedem
1609 3587 1700 3631 226
1723 3584 1753 3631 ².
1800 3584 1922 3630 Eius
1958 3584 2142 3631 testim.
2181 3584 2240 3629 de
2269 3584 2341 3629 in-

1328 3650 1636 3698 fallibilitate
1672 3649 1719 3695 S.
1744 3649 1931 3696 Pontif.
1970 3650 2058 3694 165
2086 3663 2192 3709 sqq.
2231 3650 2341 3706 231,

1327 3731 1443 3761 num
1464 3716 1515 3760 in
1535 3730 1639 3774 cap.
1665 3713 1895 3760 addendo
1916 3718 2204 3760 truncatum
2233 3714 2337 3770 168,

1328 3796 1445 3826 num
1479 3782 1597 3825 Vere
1634 3779 1729 3839 ipsi
1755 3778 1978 3826 Concilio
2020 3778 2340 3825 tribuendum

1329 3846 1393 3891 sit
1433 3845 1520 3890 168
1560 3859 1630 3904 sq.
1674 3845 1775 3889 173.
