2548 4290
213 155 319 208 206
407 157 519 198 Pars
552 155 611 196 11.
669 153 824 196 Const.
859 153 915 195 de
947 155 1074 196 Eccl.
1138 153 1250 209 Cap.
1285 154 1342 195 11.
1402 153 1819 197 Commentationes
1853 155 1909 197 de
1942 157 2177 212 aliquibus
2211 158 2340 200 locis.

213 303 473 366 bilitatis,
517 320 625 372 qua
666 302 840 372 pollet
878 300 1132 354 Ecclesia
1172 302 1229 353 in
1271 302 1382 354 suis
1425 302 1870 367 definitionibUS,
1921 303 2116 356 eadem
2157 303 2489 358 certitudine

212 387 518 441 tenendum
552 392 633 439 est
661 405 722 439 ac
763 387 884 455 erit,
926 386 997 438 ad
1038 386 1176 440 haec
1218 387 1383 438 etiam
1420 386 1638 439 obiecta
1668 387 1897 440 extendi
1937 387 2394 441 infallibilitatem
2433 389 2490 442 in

213 471 626 525 definitionibus
669 471 831 525 editis
873 490 905 523 a
944 471 1199 524 Romano
1243 471 1568 525 Pontifice.“
1597 473 1612 504 1

362 557 598 610 Addidit
637 557 825 629 Episc.
867 557 1235 623 BrixinensiS,
1278 558 1321 609 si
1362 557 1619 625 formula,
1661 575 1824 632 quam
1865 558 2088 611 nomine
2120 558 2495 629 deputationis

215 643 584 714 proposuerit,
627 661 660 695 a
689 642 1140 712 Congregatione
1182 643 1436 712 generali
1464 643 1827 713 reciperetur,
1871 661 2009 714 opus
2050 660 2162 696 non
2203 644 2310 695 iam
2355 660 2492 711 esse,

213 733 274 779 ut
314 727 380 780 de
424 727 679 781 omnibus
731 728 838 780 illis
879 727 1141 797 singuliS,
1200 745 1340 798 quae
1397 727 1453 779 in
1507 727 1993 781 emendationibus
2046 727 2114 781 de
2157 727 2372 781 obiecto
2414 728 2495 781 in-

214 812 567 865 fallibilitatis
608 813 894 884 proposita
935 818 1146 878 essent,
1197 812 1460 883 suffragia
1501 812 1798 867 ferrentur.
1879 814 2189 885 Propterea
2231 812 2498 884 suffragia

216 898 283 951 de
324 898 421 950 illa
461 898 700 951 formula
740 899 892 969 prius
933 904 1192 966 rogatum
1233 898 1301 950 iri
1342 917 1506 969 quam
1549 899 1616 951 de
1659 898 1781 951 aliis
1821 899 2337 967 emendationibus,
2381 899 2499 969 qui-

215 983 317 1036 bus
357 990 618 1054 ageretur
661 984 729 1036 de
772 984 991 1036 obiecto
1034 983 1450 1036 infallibilitatis
1470 982 1504 1036 ².

366 1069 589 1123 Deinde
631 1071 902 1123 relatione
946 1069 1014 1123 de
1057 1070 1142 1122 his
1184 1069 1669 1123 emendationibus
1703 1070 1875 1137 finita,
1918 1070 2186 1141 suffragia
2225 1069 2500 1140 rogaban-

217 1161 306 1208 tur
346 1156 524 1227 primo
568 1156 636 1209 de
678 1156 1069 1209 emendatione
1111 1156 1382 1225 vigesima
1423 1156 1603 1227 prima
1644 1160 1699 1209 et
1750 1156 2127 1227 sequentibus
2208 1156 2390 1218 Quum
2430 1155 2500 1209 ad

219 1259 311 1295 eas
353 1248 685 1313 perventum
728 1247 889 1309 esset,
933 1242 1132 1313 quibus
1176 1242 1245 1295 de
1275 1242 1493 1295 obiecto
1522 1242 1938 1295 infallibilitatis
1970 1244 2170 1313 agitur,
2212 1242 2390 1314 primo
2432 1241 2501 1295 de

219 1346 285 1381 ca
325 1327 564 1381 formula
605 1327 871 1397 suffragia
912 1327 1264 1395 ferebantur,
1321 1346 1487 1399 quam
1528 1327 1711 1399 Episc.
1753 1328 2103 1382 Brixinensis
2144 1328 2367 1382 nomine
2410 1327 2503 1379 dc-

219 1414 521 1485 putationis
573 1415 862 1486 proposuit
902 1421 957 1467 et
1010 1414 1437 1467 commendavit.
1517 1414 1658 1468 Eam
1701 1414 1817 1468 fere
1871 1433 2060 1468 omnes
2101 1414 2443 1467 admiserunt
2466 1410 2502 1465 3.

221 1499 307 1553 De
348 1504 464 1552 toto
508 1500 688 1570 capite
742 1506 938 1570 quarto
981 1518 1012 1552 a
1055 1499 1417 1571 deputatione
1470 1499 1775 1553 secundum
1830 1500 2249 1554 emendationes
2290 1518 2322 1552 a
2362 1498 2504 1551 Con-

222 1586 548 1656 gregatione
602 1586 853 1655 generali
907 1591 1161 1656 receptas
1216 1586 1512 1639 emendato
1567 1586 1834 1656 suffragia
1874 1586 2197 1640 ferebantur
2247 1586 2303 1638 in
2357 1588 2505 1638 octo-

222 1673 435 1741 gesima
476 1673 668 1743 quinta
711 1672 1162 1742 Congregatione
1205 1673 1475 1741 generali.
1531 1672 1671 1725 Pars
1699 1673 1866 1743 longe
1896 1674 2071 1726 maior
2099 1673 2329 1726 Patrum
2366 1669 2505 1723 illud

223 1756 503 1827 suffragiis
546 1757 878 1829 approbavit
896 1757 933 1811 ⁴.
1000 1758 1222 1811 Deinde
1264 1758 1320 1810 in
1362 1757 1558 1811 eadem
1602 1758 2053 1829 Congregatione
2097 1759 2164 1811 de
2206 1762 2325 1810 tota
2365 1755 2507 1809 Con-

223 1843 512 1896 stitutione
554 1843 822 1913 suffragia
863 1848 1148 1913 rogantur.
1230 1842 1507 1914 Suffragia
1548 1843 1825 1897 dederunt
1865 1844 2063 1897 Patres
2105 1845 2229 1897 601.
2295 1842 2385 1895 Ex
2425 1841 2509 1894 hs

224 1930 326 1981 451
374 1929 703 1999 suffragium
750 1929 1033 1997 „Placet“,
1087 1929 1180 1982 alii
1223 1931 1292 1981 88
1340 1929 1499 1996 „Non
1542 1930 1780 2000 placet“,
1834 1929 1928 1982 alii
1971 1932 2040 1983 62
2086 1929 2314 1996 „Placet
2354 1928 2511 1980 iuxta

225 2014 505 2069 modum“.
585 2016 680 2085 Hi,
725 2016 817 2086 qui
859 2015 1187 2086 suffragium
1235 2015 1463 2082 „Placet
1503 2016 1663 2068 iuxta
1704 2016 1960 2068 niodum“
2009 2015 2312 2082 dederunt,
2369 2030 2510 2084 quae

225 2102 424 2154 mutari
470 2102 890 2170 desiderabant,
945 2103 1149 2173 scripto
1192 2101 1552 2155 Praesidibus
1593 2102 1917 2155 obtulerunt
1937 2102 1973 2155 5.
2052 2101 2260 2155 Eorum
2312 2117 2513 2170 excep-

226 2188 406 2240 tiones
449 2188 736 2259 deputatio
779 2189 835 2241 in
888 2189 1133 2241 sessione
1176 2189 1641 2259 quinquagesima
1692 2189 1928 2259 septima
1969 2193 2023 2241 et
2066 2193 2262 2240 octava
2303 2187 2512 2239 exami-

229 2275 381 2328 navit
402 2273 440 2329 6.
519 2275 751 2330 Relator
806 2274 873 2328 de
928 2275 1355 2343 exceptionibus
1407 2275 1463 2327 in
1519 2284 1685 2346 caput
1738 2282 1994 2346 quartum
2049 2273 2377 2327 constitutus
2433 2275 2514 2324 est

228 2360 414 2431 Episc.
456 2360 822 2414 BrixinensiS.
904 2360 1145 2431 Aliquae
1201 2378 1272 2413 ex
1324 2361 1390 2413 iis
1446 2361 1649 2413 iterum
1708 2360 1775 2413 de
1830 2360 2045 2413 obiecto
2102 2357 2514 2411 infallibilitatis

231 2446 474 2515 agebant
534 2463 715 2516 neque
778 2446 1081 2516 quidquam
1150 2446 1545 2514 continebant,
1616 2446 1684 2499 de
1741 2464 1848 2516 quo
1907 2445 2172 2515 suffragia
2238 2462 2350 2497 non
2403 2443 2514 2495 iam

230 2532 345 2584 lata
386 2537 542 2584 erant
564 2531 599 2585 ⁷.

382 2620 470 2674 De
524 2621 606 2673 his
647 2620 834 2692 Episc.
877 2621 1227 2673 Brixinensis
1279 2621 1335 2672 in
1389 2620 1687 2687 relatione,
1748 2637 1912 2690 quam
1965 2619 2021 2671 in
2065 2618 2515 2688 Congregation·3

236 2706 484 2776 generali
526 2707 867 2775 octogesima
894 2712 1054 2759 sexta
1084 2706 1172 2759 die
1207 2708 1289 2759 16.
1321 2706 1450 2759 Iulii
1492 2705 1716 2758 habuit:
1765 2705 1921 2773 „Hac
1965 2704 2032 2757 de
2075 2722 2133 2757 re
2166 2704 2256 2773 [de
2299 2703 2515 2757 obiecto

232 2790 729 2860 infallibilitatis]“,
759 2790 992 2862 inquitss,
1027 2810 1240 2862 „nuper
1264 2791 1617 2844 diffusissime
1645 2791 1862 2844 locutus
1892 2809 2029 2858 sum,
2060 2795 2115 2843 et
2143 2790 2516 2853 nihilominUS,

237 2884 298 2930 ut
349 2879 710 2949 exceptiones
766 2878 920 2949 ipsae
975 2878 1333 2931 manifestum
1386 2877 1657 2945 reddunt,
1710 2877 1899 2948 plures
1954 2895 2025 2930 ex
2066 2876 2218 2930 Rffiis
2258 2874 2517 2929 Patribus

237 2964 556 3017 adhucdum
606 2964 805 3017 incerti
846 2964 1079 3017 haerere
1137 2964 1397 3017 videntur
1451 2963 1518 3017 de
1561 2981 1725 3016 sensu
1767 2981 1959 3016 eorum
2013 2962 2337 3015 verborum:
2391 2960 2518 3012 hinc

237 3051 424 3120 plures
476 3068 648 3103 novas
701 3050 970 3103 formulas
1022 3051 1167 3102 circa
1225 3050 1505 3103 obiectum
1566 3049 1978 3102 infallibilitatis
2035 3053 2369 3118 proponunt.
2448 3046 2521 3100 E]

239 3136 463 3206 quidem
520 3137 657 3190 istae
714 3136 987 3189 formulae
1046 3136 1375 3207 plerumque
1445 3136 1658 3188 duabus
1715 3134 2185 3206 propositionibus
2252 3138 2521 3189 constant.

240 3240 471 3293 quarum
516 3223 664 3292 prior
717 3222 1046 3293 plerumque
1098 3228 1179 3274 est
1220 3241 1443 3292 prorsus
1484 3213 1943 3287 indeterminata,
2000 3220 2076 3272 ita
2118 3225 2178 3272 ut
2218 3237 2274 3272 se
2316 3219 2520 3271 refera·v

240 3308 310 3360 ad
364 3308 548 3361 onmia
601 3308 827 3361 decreta
879 3308 1164 3378 pontificia
1217 3309 1334 3361 sine
1390 3309 1540 3360 omni
1593 3307 1939 3372 discrimine3
1997 3306 2051 3356 in
2105 3304 2350 3358 secunda
2388 3321 2517 3356 verr*

241 3394 620 3464 propositione
679 3393 863 3463 aliquo
922 3393 1085 3446 inodo
1143 3394 1247 3445 ista
1304 3393 1607 3463 propositio
1665 3392 2064 3444 determinatur
2118 3398 2173 3443 et
2228 3394 2503 3443 coartatur

243 3480 438 3532 Talem
481 3498 597 3532 rem
639 3478 967 3531 enuntiandi
1011 3478 1233 3531 modun]
1267 3478 1553 3548 deputatio
1598 3478 1664 3531 de
1693 3477 1801 3530 fide
1832 3494 1942 3529 non
1971 3482 2154 3546 potest
2183 3475 2513 3546 approbare:

392 3690 405 3716 ¹
445 3691 649 3738 Relatio
690 3694 787 3739 etc.
858 3690 914 3739 C.
953 3691 1016 3739 V.
1054 3694 1148 3738 413
1172 3692 1201 3738 d
1240 3707 1350 3753 sqq.
1536 3689 1551 3716 ²
1590 3688 1722 3736 Ibid.
1796 3685 1850 3735 O.
1889 3686 1951 3734 V.
1992 3688 2132 3734 417a
2171 3702 2277 3748 sqq.

396 3767 411 3795 3
450 3769 582 3817 Ibid.
655 3768 709 3817 O.
748 3769 809 3817 V.
850 3771 1008 3818 4211).
1192 3768 1210 3795 4
1248 3769 1384 3816 Acta
1420 3766 1898 3831 Congregationum
1939 3769 2034 3813 etc.
2107 3763 2160 3812 C.
2199 3764 2261 3812 V.
2301 3764 2393 3810 759
2410 3761 2456 3809 d.

397 3845 413 3871 ⁵
450 3846 512 3894 V.
552 3846 899 3908 Exceptiones
939 3852 1036 3894 etc.
1110 3846 1164 3895 O.
1203 3846 1265 3894 V.
1305 3848 1442 3894 4323
1483 3862 1592 3909 sqq.

400 3922 416 3949 ⁶
455 3924 533 3970 Ex
582 3925 710 3971 actis
761 3929 856 3971 etc.
930 3923 986 3972 O.
1023 3924 1087 3970 V.
1132 3924 1303 3971 16952.
1341 3939 1450 3986 sqq.
1492 3950 1554 3956 --
1590 3922 1672 3969 Ex
1721 3920 1918 3969 diurnis
1972 3925 2068 3967 etc.
2142 3916 2197 3965 C.
2235 3917 2296 3965 V.
2339 3916 2520 3964 17020.

401 4001 415 4027 ⁷
455 4002 799 4064 Exceptiones
840 4006 937 4050 etc.
1012 4002 1068 4050 C.
1105 4002 1168 4049 V.
1208 4002 1352 4049 453d
1391 4016 1501 4064 sqq.
1640 3998 1655 4025 s
1693 3999 1896 4048 Relatio
1926 4001 2021 4045 etc.
2073 3995 2127 4044 O.
2157 3995 2217 4042 V.
2247 3998 2386 4042 4756.
2413 4007 2521 4055 sqq.
