2548 4290
222 156 285 205 14
710 148 823 188 Pars
855 145 891 185 I.
951 143 1107 185 Const.
1142 142 1196 183 de
1227 140 1329 183 fide.
1397 138 1509 193 Cap.
1542 138 1577 179 Ι.
1634 138 1749 179 Ε1118
1781 137 1990 178 historia.

218 301 580 353 medanorum
620 298 976 367 impugnasse
1019 297 1185 362 atque
1227 288 1536 343 Ecclesiam
1579 304 1690 354 eos,
1731 286 2031 357 imprimis,
2087 284 2308 355 quando
2352 302 2496 338 com-

219 385 591 439 miscebantur
635 400 757 435 cum
802 378 1054 433 doctrina
1096 376 1412 441 christiana,
1453 373 1509 424 in
1540 371 1801 426 Conciliis
1843 371 2037 424 saltem
2072 369 2496 440 particularibus

226 470 619 524 condemnasse
642 466 677 521 1.

378 631 392 658 ¹
430 632 510 678 Ex
547 630 675 679 actis
713 630 999 677 sessionum
1038 624 1406 688 deputationis.
1458 621 1512 670 C.
1551 621 1614 670 V.
1657 623 1781 669 1647
1799 637 1844 669 a.
1869 622 1920 669 b.
1960 647 2021 653 --
2058 621 2207 669 Novo
2248 620 2498 669 schemati

226 709 494 772 deputatio
544 723 765 756 canones
815 706 1017 753 adiecit.
1102 703 1269 759 Quum
1319 702 1370 748 in
1424 700 1535 748 eius
1585 699 1906 747 discussione
1955 715 2088 746 unus
2139 714 2204 747 ex
2251 698 2498 746 Patribus

214 789 265 835 in
315 786 731 849 Congregatione
779 783 1008 846 generali
1059 780 1403 844 postulasset,
1457 782 1515 825 ut
1565 782 1790 841 quatuor
1841 792 2062 825 canones
2116 777 2299 839 capitis
2348 776 2497 839 primi

216 864 638 923 (Emendationes
675 861 826 924 primi
865 860 1060 921 capitis.
1135 856 1349 905 Emend.
1388 857 1466 903 28.
1540 854 1595 903 O.
1633 854 1695 902 V.
1738 856 1831 901 100
1847 852 1894 914 c)
1933 853 2273 916 tollerentur,
2313 853 2498 901 Patres

219 941 584 1005 deputationis,
623 940 825 987 duobus
855 937 1058 998 quidem
1088 932 1582 992 contradicentibuS,
1611 946 1836 979 canones
1861 931 2088 980 retinere
2115 933 2502 981 constituerunt

218 1020 318 1080 (Ex
370 1018 497 1066 actis
537 1021 631 1065 etc.
683 1014 737 1063 O.
775 1015 839 1063 V.
882 1011 1104 1074 1671d);
1142 1012 1370 1060 rationes
1396 1010 1558 1057 Rffius
1596 1009 1788 1057 Gasser
1825 1009 1877 1056 in
1926 1009 2182 1057 relatione
2230 1010 2292 1057 de
2331 1024 2501 1057 emen-

221 1096 515 1145 dationibus
552 1094 730 1143 habita
777 1093 851 1140 ita
889 1091 1129 1154 exponit:
1181 1088 1493 1150 „Deputatio
1533 1087 1596 1135 de
1633 1087 1732 1135 fide
1770 1104 1872 1135 non
1910 1092 2093 1150 negat,
2152 1087 2288 1149 quod
2326 1087 2504 1135 hodie-

218 1176 336 1224 dum
375 1173 522 1220 multi
561 1171 894 1219 offendantur
945 1168 1196 1217 eiusmodi
1245 1166 1719 1227 anathematismis3
1774 1166 1860 1214 sed
1914 1167 1954 1213 si
1991 1165 2288 1228 inquiratur
2325 1180 2498 1226 causa,

223 1269 312 1301 cur
351 1250 710 1310 offendantur,
763 1265 820 1297 ea
858 1264 958 1296 non
999 1247 1206 1310 quidem
1245 1260 1473 1308 semper,
1528 1244 1616 1292 sed
1655 1244 1733 1292 vel
1773 1244 1998 1291 maxime
2034 1244 2163 1291 haec
2203 1247 2308 1304 est,
2362 1243 2499 1306 quod

220 1330 414 1378 scilicet
450 1328 762 1391 pervulgata
799 1330 878 1374 est
914 1327 1014 1373 ista
1050 1325 1220 1387 opinio
1260 1324 1396 1371 inter
1433 1323 1683 1378 homines,
1724 1323 1811 1385 qui
1851 1325 2126 1371 censentur
2151 1321 2358 1370 cultura
2394 1322 2502 1384 pol-

222 1409 411 1456 lentes:
463 1407 513 1453 in
552 1407 708 1453 rebus
745 1405 1010 1467 religionis
1047 1403 1173 1451 nihil
1214 1406 1355 1450 certo
1395 1401 1588 1461 teneri,
1643 1401 1732 1449 sed
1771 1400 2091 1449 solummodo
2132 1401 2356 1448 existere
2394 1415 2502 1463 op:-

220 1487 401 1533 niones
438 1486 554 1547 plus
591 1484 827 1531 minusve
864 1482 1186 1545 probabiles3
1234 1481 1353 1528 hinc
1390 1480 1471 1528 vel
1509 1480 1733 1528 maxime
1770 1480 2109 1527 offenduntur
2146 1479 2196 1527 in
2237 1495 2324 1539 00,
2362 1478 2500 1541 quoi

225 1564 458 1611 Ecclesia
507 1562 756 1625 quasdam
805 1562 1056 1609 veritates
1105 1559 1348 1622 proponit
1398 1563 1448 1606 et
1496 1558 1705 1621 quidem
1759 1560 1853 1607 sub
1892 1558 2223 1607 anathemate
2258 1557 2503 1621 proponit

223 1645 404 1689 contra
443 1655 530 1688 008
570 1640 780 1700 80111001,
822 1640 907 1701 (1111
945 1639 1261 1686 contrarium
1301 1639 1480 1685 tenent
1519 1652 1763 1698 errorem,
1804 1637 2005 1685 dicens:
2043 1637 2180 1699 apud
2218 1636 2503 1684 Ecclesiam

227 1735 338 1768 esse
378 1719 665 1781 depositum
719 1718 944 1765 divinum
983 1718 1260 1765 veritatum
1303 1716 1620 1775 divinarum,
1673 1720 1725 1763 et
1762 1716 1825 1764 ab
1864 1714 2100 1763 Ecclesia
2139 1730 2224 1763 eas
2260 1715 2509 1763 veritates

222 1797 436 1860 proponi
477 1797 790 1845 auctoritate
831 1796 1004 1843 divina
1043 1811 1133 1843 seu
1172 1794 1457 1843 infallibili:
1496 1794 1614 1841 inde
1651 1794 1730 1842 vel
1769 1794 1992 1842 maxime
2031 1793 2384 1842 offenduntur.
2444 1793 2512 1840 Et

221 1880 387 1936 certe,
437 1875 551 1921 Rffii
588 1873 800 1933 PatreS,
851 1875 970 1922 huic
1008 1873 1445 1937 perniciosissimo
1483 1872 1673 1920 iudicio
1712 1872 1855 1920 nullo
1901 1872 2052 1920 modo
2103 1887 2197 1919 nos
2234 1887 2510 1935 possumus

225 1953 416 2015 aliquid
456 1953 659 2000 deferre
700 1951 900 2009 (Patres
936 1953 1125 2015 aliquot
1163 1967 1446 2000 eonsensum
1483 1949 1852 2012 manifestant),
1893 1949 1981 1998 sed
2019 1950 2191 2013 potius
2230 1950 2355 1997 totis
2391 1949 2511 1997 viri·

222 2032 318 2079 bus
369 2031 642 2078 obluctari.
713 2030 856 2078 Haec
903 2035 979 2078 est
1029 2046 1150 2092 ergo
1201 2029 1333 2077 ratio
1373 2045 1465 2076 cur
1501 2028 1790 2090 generatim
1841 2028 2107 2091 deputatio
2148 2028 2209 2076 de
2257 2027 2357 2076 fide
2395 2043 2509 2076 cen-

224 2109 398 2170 suerit,
439 2123 663 2156 canones
703 2125 814 2156 esse
852 2109 1200 2171 apponendos.

375 2186 502 2248 „Sed
542 2187 720 2235 dicunt
758 2187 946 2249 aliqui,
998 2191 1049 2235 et
1098 2187 1377 2235 obiiciunt:
1428 2186 1697 2234 Eiusmodi
1747 2186 2191 2234 anathematismis
2244 2185 2497 2233 feriuntui

203 2265 373 2311 *etiam
413 2264 646 2312 homines
686 2265 747 2312 de
784 2265 1020 2313 Ecclesia
1057 2266 1204 2324 bene,
1244 2265 1345 2322 imo
1385 2264 1576 2326 optime
1613 2263 1801 2324 meriti,
1842 2267 1893 2311 et
1930 2263 2084 2311 etiam
2123 2263 2210 2325 qui
2250 2278 2304 2310 se
2341 2263 2501 2311 humi·

221 2342 340 2390 liter
379 2342 597 2389 decretis
647 2346 858 2390 sanctae
898 2342 1042 2390 Sedis
1089 2342 1456 2403 subiecerunt3
1507 2345 1559 2389 01
1594 2342 1812 2405 proinde
1860 2342 2088 2389 inuritur
2127 2341 2379 2389 eiusmodi
2416 2341 2503 2389 ho-

226 2419 448 2466 minibus
487 2420 739 2481 quaedam
766 2423 893 2468 nota
930 2420 1165 2481 iniuriae,
1208 2435 1340 2482 quac
1377 2420 1517 2467 iusta
1541 2434 1642 2467 non
1672 2423 1765 2468 est.
1815 2419 1931 2480 Sed,
1969 2418 2086 2466 Rffii
2111 2419 2311 2480 Patres,
2349 2433 2500 2481 nego,

228 2501 278 2545 et
328 2513 554 2560 pernego
607 2499 741 2560 quod
794 2502 975 2546 contra
1027 2500 1157 2547 tales
1209 2499 1441 2546 homines
1491 2501 1542 2546 et
1593 2498 1730 2546 viros
1783 2497 2202 2546 anathematismi
2249 2497 2505 2546 ferantur.

224 2575 412 2623 Omnes
451 2577 585 2624 enim
623 2577 1040 2625 anathematismi
1079 2577 1322 2625 feruntur
1360 2576 1682 2625 solummodo
1722 2580 1903 2625 contra
1942 2592 2056 2637 eos,
2113 2575 2200 2639 qui
2237 2579 2505 2624 contuma-

225 2653 352 2701 citer
389 2654 651 2702 Ecclesiae
690 2656 1056 2703 contradicunt
1096 2659 1146 2703 et
1186 2655 1563 2703 contumaciter
1608 2671 1835 2703 errorem
1879 2656 1940 2703 ab
1980 2654 2214 2703 Ecclesia
2249 2654 2500 2703 reiectum

227 2731 526 2780 defendunt.

377 2808 555 2870 „Quod
592 2826 712 2858 vero
763 2811 859 2858 hoc
900 2816 1054 2873 caput
1089 2812 1312 2873 primum
1351 2810 1568 2872 attinet,
1618 2814 1758 2859 certe
1807 2827 1910 2859 non
1947 2812 2094 2873 parvi
2142 2810 2390 2858 momenti
2427 2825 2508 2858 ra-

226 2886 392 2934 tiones
441 2886 664 2935 militant
717 2903 808 2950 pro
861 2888 1158 2936 omittendis
1210 2888 1512 2936 canonibus.
1586 2888 1684 2950 Sed
1737 2888 2074 2936 nihilominus
2124 2888 2390 2950 deputatio
2445 2887 2507 2936 de

176 3013 180 3017 ,
226 2966 323 3014 fide
362 2968 543 3015 saltem
593 2984 684 3031 pro
733 2969 915 3016 maiori
965 2985 1057 3016 sua
1104 2973 1252 3032 parte
1292 2968 1538 3030 credidit,
1591 2969 1742 3016 etiam
1793 2969 1841 3015 in
1892 2969 1988 3016 hoc
2037 2967 2204 3030 capite
2254 2981 2356 3013 non
2395 2982 2508 3015 esse

229 3044 596 3106 recedendum,
649 3046 738 3093 sed
776 3062 998 3094 canones
1039 3062 1150 3094 esse
1188 3046 1538 3109 apponendos.
1610 3046 1677 3094 Et
1714 3046 1920 3109 quidem
1960 3045 2172 3093 inducta
2208 3044 2307 3092 fuit
2344 3045 2510 3093 maior

228 3121 316 3169 illa
352 3137 473 3183 pars
513 3122 863 3185 deputationis
903 3124 964 3171 de
1001 3124 1101 3171 fide
1138 3125 1416 3187 praecipue
1455 3139 1516 3171 ea
1554 3139 1616 3171 ex
1646 3140 1817 3185 causa,
1858 3124 1978 3187 quia
2016 3122 2268 3171 eiusmodi
2307 3137 2510 3171 errores

230 3199 439 3246 aluntur
480 3203 530 3247 et
569 3200 916 3248 defenduntur
952 3217 1052 3248 non
1095 3202 1417 3249 solummodo
1456 3218 1485 3249 a.
1521 3201 1815 3264 baptizatis,
1857 3202 1944 3264 qui
1980 3200 2195 3263 proinde
2231 3200 2281 3247 vi
2317 3200 2510 3262 baptis-

229 3277 377 3324 matis
417 3281 537 3324 sunt
573 3280 803 3327 membra
830 3279 1122 3340 Ecclesiaez,
1158 3281 1246 3328 sed
1286 3281 1439 3327 etiam
1467 3296 1569 3327 non
1607 3295 1726 3327 raro
1755 3279 2008 3327 eiusmodi
2035 3294 2236 3327 errores
2263 3281 2510 3326 tenentur

231 3358 280 3402 et
318 3355 669 3403 defenduntur
707 3358 769 3405 ab
806 3357 1056 3405 eiusmodi
1082 3359 1377 3407 hominibus
1417 3359 1569 3406 etiam
1611 3359 1705 3406 sub
1745 3359 1914 3421 specie
1950 3358 2211 3406 veritatis:
2249 3373 2365 3405 nam
2404 3371 2508 3406 non

228 3432 381 3492 pauci
421 3436 541 3480 sunt
579 3436 629 3480 et
666 3435 956 3497 praecipue>
984 3441 1131 3484 erant
1168 3453 1325 3499 penes
1362 3452 1457 3484 nos
1495 3437 1546 3484 in
1585 3436 1892 3497 Germania,
1934 3436 2021 3498 qui
2059 3436 2394 3499 crediderunt
2431 3451 2511 3498 sy-

232 3512 451 3556 stemata
487 3509 912 3572 philosophorum
941 3514 1174 3574 quamvis
1211 3514 1680 3575 pantheisticorum
1706 3529 1858 3575 posse
1885 3514 2091 3561 omnino
2120 3513 2356 3576 componi
2393 3528 2506 3560 cum

230 3586 452 3634 veritate
492 3587 761 3636 catholica.
834 3590 970 3652 Ergo
1010 3595 1067 3637 ut
1104 3591 1338 3639 Ecclesia
1376 3596 1522 3640 tanto
1560 3592 1694 3639 malo
1738 3591 1940 3640 obviam
1989 3592 2189 3650 veniat,
2242 3590 2508 3653 deputatio

233 3662 294 3710 de
339 3663 438 3711 fide
492 3665 741 3726 credidit,
791 3682 1014 3714 canones
1065 3669 1219 3715 etiam
1259 3669 1309 3716 in
1347 3670 1445 3716 hoc
1483 3670 1650 3731 capite
1700 3684 1811 3716 esse
1868 3666 2208 3717 condendos.“
2287 3667 2508 3727 (Relatio

233 3740 495 3788 Vincentii
535 3742 726 3790 Gasser
765 3747 860 3791 etc.
933 3743 989 3792 G,
1026 3744 1090 3791 V.
1132 3747 1272 3794 112d
1312 3746 1405 3808 sq.)
1480 3747 1659 3809 Aliqui
1695 3749 1883 3807 tamen,
1925 3763 2080 3810 quum
2123 3747 2185 3795 de
2222 3749 2332 3794 toto
2372 3745 2513 3793 sche-

232 3822 368 3865 mate
405 3818 668 3867 ferrentur
707 3820 971 3882 suffragia,
1013 3838 1234 3871 canones
1273 3824 1384 3871 tolli
1421 3824 1503 3871 vel
1542 3838 1720 3871 eorum
1758 3839 2029 3872 numerum
2057 3824 2214 3872 minui
2243 3823 2504 3871 volebant.

234 3893 653 3953 (Emendationes
702 3898 766 3945 ad
806 3897 1025 3946 Constit.
1065 3900 1125 3946 de
1174 3899 1274 3947 fide
1327 3901 1596 3949 catholica.
1669 3899 1883 3949 Emend.
1933 3903 1994 3948 74
2033 3917 2144 3965 sqq.
2226 3899 2303 3948 Of.
2353 3899 2506 3947 etiam

232 3971 366 4020 infra
402 3972 636 4020 ultimam
672 3974 1059 4023 adnotationem
1097 3977 1160 4024 ad
1199 3976 1558 4039 prooemium.)
