2548 4290
195 109 265 161 92
394 109 508 149 Pars
540 108 576 149 Ι.
634 107 801 150 Const.
824 107 879 149 de
910 108 1012 149 fide.
1078 108 1190 163 Cap.
1224 109 1306 150 111.
1365 109 1475 163 Ipsa
1506 108 1702 152 Constit.
1734 123 1839 152 cum
1871 111 2265 154 adnotationibus.

193 254 471 308 fallaciam
496 256 545 324 a)
572 254 606 306 ¹.
658 254 1011 326 Quapropter
1052 273 1244 309 omnes
1273 256 1559 308 christiani
1587 256 1779 311 fideles
1808 258 2124 312 huiusmodi
2165 259 2471 328 opinioneS‚

194 358 334 411 quae
376 340 505 393 fidei
547 340 831 394 doctrinae
874 342 1185 395 contrariae
1228 359 1348 394 esse
1390 348 1829 412 cognoscuntur,
1888 345 2131 398 maxime
2172 346 2218 398 si
2258 345 2327 399 ab
2368 345 2473 399 Ec-

191 427 358 479 clesia
408 425 737 496 reprobatae
791 427 1029 494 fuerint,
1084 446 1194 481 non
1234 428 1411 481 solum
1464 429 1829 498 prohibentur
1877 436 2144 502 tanquam
2194 432 2472 503 legitimas

191 511 456 564 scientiae
499 512 882 565 conclusiones
923 513 1255 580 defendere,
1309 513 1408 567 sed
1448 532 1548 585 pro
1592 516 1872 569 erroribus
1913 518 2126 587 potiuS‚
2181 519 2275 589 qui
2315 517 2474 571 falla-

191 614 311 649 cem
350 597 599 650 veritatis
642 598 886 668 speciem
929 617 1062 668 prae
1104 617 1161 652 se
1204 598 1403 661 ferant,
1446 599 1656 653 habere
1697 606 1960 655 tenentur
2001 603 2225 656 omnino
2245 601 2282 656 ².

337 759 386 821 a)
426 760 537 809 Ool.
576 763 621 822 2,
661 763 705 810 8.

191 896 243 942 in
284 911 409 944 sess.
448 898 526 944 24.
566 897 922 960 deputationis
962 898 1023 944 de
1060 896 1178 957 fide,
1217 903 1277 945 ut
1314 913 1482 946 canon
1521 898 1606 945 ille
1644 898 1709 946 ad
1748 897 2189 947 Constitutionem
2227 900 2479 963 dogmati-

192 988 304 1020 cam
342 974 404 1021 de
442 974 678 1023 Ecclesia
714 976 1032 1024 remittatur.
1083 975 1185 1035 (Ex
1220 976 1352 1024 actis
1391 979 1488 1025 etc.
1560 977 1617 1026 O.
1655 975 1718 1024 V.
1762 976 1886 1024 1675
1902 975 1969 1036 a.)
2018 977 2095 1025 De
2134 993 2195 1026 ea
2230 994 2286 1026 re
2311 978 2474 1026 Rffius

191 1050 389 1100 Ludov.
437 1052 559 1114 Pie,
612 1053 784 1115 Episc.
831 1053 1200 1114 Pictaviensis,
1255 1054 1343 1116 qui
1389 1054 1598 1103 nomine
1651 1054 2005 1118 deputationis
2056 1056 2364 1105 relationem
2412 1057 2475 1105 de

192 1134 378 1191 quarto
406 1131 576 1191 capite
602 1132 653 1179 in
680 1132 1099 1194 Oongregatione
1134 1132 1367 1194 generali
1404 1133 1612 1181 habuit:
1655 1130 1868 1194 „Sane“,
1908 1133 2093 1196 inquit,
2135 1135 2475 1198 „principium

191 1209 244 1255 in
280 1209 378 1256 hoc
415 1225 613 1258 canone
650 1218 907 1258 assertum
946 1211 1273 1273 deputationi
1310 1215 1518 1260 vestrae
1555 1212 1607 1259 in
1646 1228 1699 1259 se
1736 1211 2068 1261 utilissimum
2108 1229 2168 1262 ac
2206 1229 2479 1276 perneces-

192 1287 385 1334 sarium
435 1288 600 1335 visum
639 1293 733 1337 est.
803 1289 918 1336 Hoc
955 1290 1089 1337 enim
1126 1289 1379 1351 principio
1419 1290 1650 1351 secluso,
1700 1306 1770 1338 sc.
1808 1289 2059 1352 admisso,
2110 1292 2249 1354 quod
2285 1292 2478 1340 iudicia

193 1364 501 1413 doctrinalia
539 1367 882 1414 conscientias
920 1383 1024 1415 non
1057 1367 1235 1429 ligent,
1276 1368 1317 1414 si
1354 1383 1500 1415 error
1538 1368 1712 1431 aliqua
1738 1374 1863 1418 nota
1890 1369 2020 1417 citra
2045 1373 2220 1418 notam
2248 1369 2476 1418 haeresis

193 1444 256 1492 ab
294 1444 514 1505 ipsamet
551 1445 816 1493 Ecclesiae
853 1446 1156 1508 configitur,
1195 1450 1321 1494 tunc
1357 1462 1523 1509 paene
1561 1451 1673 1495 tota
1710 1449 1814 1496 ruit
1852 1449 2139 1497 auctoritas
2177 1448 2477 1497 doctrinalis

193 1521 458 1570 Ecclesiae
505 1527 555 1570 et
606 1524 913 1572 exercitium
962 1525 1316 1573 hierarchicae
1362 1526 1759 1587 gubernationis
1796 1526 1853 1576 fit
1900 1527 2232 1590 impossibile.
2306 1525 2478 1588 Certe,

193 1599 283 1647 ubi
319 1599 574 1649 Dominus
612 1605 793 1650 noster
829 1603 979 1650 Iesus
1018 1602 1260 1650 Christus
1299 1603 1431 1651 dixit
1469 1603 1676 1663 (Matth.
1709 1607 1785 1667 18,
1828 1605 1934 1665 17):
1972 1605 2030 1653 St
2065 1606 2174 1668 quis
2208 1604 2477 1653 Ecclesiam

192 1693 290 1725 non
326 1680 559 1741 audierit,
595 1682 659 1727 sit
695 1681 788 1728 tibi
820 1682 945 1729 sicut
980 1681 1198 1729 ethnicus
1235 1688 1277 1729 et
1311 1681 1632 1744 puhlicanus;
1686 1688 1810 1731 tunc
1846 1700 1953 1732 non
1990 1684 2247 1746 agebatur
2284 1684 2347 1732 de
2383 1682 2480 1730 Ec·

194 1756 350 1804 clesia
388 1760 590 1804 tantum
629 1759 885 1806 haeresim
924 1759 1320 1807 condemnante.
1358 1787 1420 1793 —-
1458 1760 1725 1822 Attamen,
1764 1761 1882 1809 Rffii
1917 1761 2119 1823 Patres,
2158 1765 2210 1809 et
2246 1761 2479 1824 praecise

195 1834 350 1882 etiam
402 1840 615 1898 propter
665 1837 977 1899 gravitatem
1033 1838 1137 1898 rei,
1194 1853 1308 1886 cum
1365 1838 1602 1886 doctrina
1653 1839 1774 1887 huic
1826 1840 2013 1888 canoni
2066 1839 2479 1894 correspondem

193 1928 401 1975 reapse,
454 1914 589 1962 sicut
634 1915 819 1963 merito
871 1916 1205 1964 observatum
1256 1920 1335 1964 est
1383 1932 1414 1963 a
1461 1916 1726 1965 nonnullis
1763 1918 2037 1979 Patribus,
2090 1933 2195 1966 non
2230 1917 2392 1966 fuerit
2426 1916 2478 1964 in

193 1990 303 2051 ipso
354 1992 521 2054 capite
575 1993 894 2041 sufficienter
943 1994 1210 2056 exposita,
1265 1994 1355 2041 sed
1409 1996 1771 2044 tantummodo
1809 1996 2106 2057 insinuata,
2160 2010 2479 2044 censuerunz

195 2069 378 2117 Patres
417 2070 669 2134 deputati,
715 2072 878 2119 satius
918 2088 1047 2131 esse,
1098 2088 1154 2120 re
1192 2073 1359 2120 serius
1397 2089 1669 2136 perpensa,
1709 2074 1751 2121 si
1789 2075 2007 2122 assertio
2045 2074 2180 2121 tanti
2216 2072 2480 2130 momenti,

196 2152 373 2196 tantae
410 2150 740 2198 necessitatis
779 2155 830 2198 et
869 2151 1166 2214 expressius
1207 2155 1258 2198 et
1295 2151 1487 2199 clarius
1527 2151 1912 2213 exprimeretur
1949 2153 2002 2200 in
2028 2153 2196 2200 altera
2232 2150 2481 2199 constitu-

198 2228 352 2286 tione,
394 2228 482 2277 ubi
522 2229 583 2276 de
620 2232 884 2291 potestate
916 2229 1191 2276 doctrinali
1220 2230 1491 2278 iudiciaria
1517 2230 1784 2279 Ecclesiae
1821 2231 2017 2279 directe
2055 2234 2107 2278 et
2144 2246 2207 2278 ex
2245 2229 2480 2293 professo

196 2303 433 2368 agatur.“
510 2307 735 2367 (Relatio
788 2312 885 2356 etc.
958 2307 1013 2355 C.
1063 2308 1127 2356 V.
1177 2310 1332 2357 2083..
1369 2307 1440 2367 b.)
1512 2308 1703 2371 Itaque
1757 2309 1843 2356 illo
1892 2309 2006 2357 loco
2057 2308 2323 2357 definitum
2376 2323 2468 2356 nor

198 2388 306 2445 est,
356 2385 643 2433 Ecclesiam
679 2401 830 2447 posse
867 2386 1193 2448 proscribere
1232 2402 1436 2434 errores
1473 2386 1677 2434 haeresi
1724 2387 2030 2449 inferiores,
2079 2387 2202 2434 licet
2253 2401 2368 2445 res,
2422 2396 2471 2433 ut

197 2463 425 2511 ostendit
464 2464 618 2511 etiam
657 2463 1027 2524 Pictaviensis,
1078 2464 1369 2512 certissima
1407 2465 1488 2512 sit.
1559 2464 1671 2513 Imo
1724 2465 1853 2513 haec
1893 2465 2087 2513 veritas
2126 2480 2190 2512 ex
2225 2463 2471 2527 principi(

198 2556 228 2588 a
266 2540 498 2588 Concilio
545 2545 741 2589 statuto
792 2542 854 2589 de
906 2541 1077 2589 officio
1115 2541 1381 2590 Ecclesiae
1429 2541 1550 2590 fidei
1599 2542 1893 2605 depositum
1944 2542 2271 2591 custodiendi
2306 2542 2474 2589 imme-

199 2619 339 2666 diate
384 2619 514 2667 fluit.
586 2618 856 2675 Quomodo
906 2619 1042 2667 enim
1089 2620 1325 2668 Ecclesia
1372 2620 1490 2668 fidei
1540 2620 1831 2684 depositum
1882 2621 2144 2669 custodire
2180 2623 2382 2684 potest,
2436 2618 2474 2666 si

198 2697 380 2759 nequit
416 2698 692 2760 prohibere
731 2698 1035 2758 doctrinam,
1073 2714 1220 2761 quae,
1259 2699 1380 2747 licet
1416 2699 1705 2748 formaliter
1740 2699 2017 2748 veritatem
2052 2699 2337 2747 revelatam
2373 2712 2476 2746 non

197 2780 369 2838 neget,
408 2780 582 2825 tamen
618 2776 914 2825 virtualiter
952 2778 997 2824 ei
1024 2778 1322 2840 opponitur,
1362 2782 1623 2840 quatenus
1650 2794 1719 2826 sc.
1758 2794 1823 2826 ex
1849 2794 1909 2827 ea
1934 2778 2035 2827 alia
2062 2778 2302 2826 doctrina
2337 2780 2477 2825 recte

198 2859 251 2903 et
286 2855 585 2902 necessario
625 2854 919 2915 deducitur,
959 2870 1094 2917 quae
1131 2855 1408 2903 veritatem
1448 2856 1732 2904 revelatam
1769 2857 1962 2918 negat?

350 2933 364 2959 ¹
402 2933 583 2981 Voluit
619 2950 754 2981 unus
792 2949 857 2982 ex
893 2933 1155 2992 Patribus,
1195 2934 1450 2995 adnotari,
1490 2934 1778 2982 Ecclesiam
1816 2950 2128 2997 agnoscere,
2186 2933 2351 2995 „inter
2387 2933 2480 2981 hu-

198 3027 377 3059 manas
431 3012 673 3060 scientias
723 3013 899 3075 plures
937 3027 1080 3073 esse,
1138 3028 1271 3074 quae
1315 3013 1389 3059 nil
1426 3029 1541 3060 cum
1581 3013 1817 3074 deposito
1854 3013 1972 3060 fidei
2010 3012 2308 3060 concredito
2346 3026 2481 3059 com-

198 3105 354 3138 mune
390 3089 637 3148 habeant,
672 3091 894 3153 ideoque
932 3106 1018 3137 eas
1054 3089 1209 3152 plane
1246 3106 1276 3138 a
1313 3091 1632 3139 revelatione
1661 3091 2048 3154 supernaturali
2071 3088 2480 3152 independenter

198 3167 415 3216 tractari
462 3166 664 3229 posse“.
737 3168 1162 3226 (Emendationes
1208 3172 1304 3216 etc.
1378 3167 1432 3216 G.
1482 3168 1545 3217 V.
1599 3170 1689 3216 197
1711 3166 1774 3228 c.)
1844 3167 2133 3231 Respondit
2191 3167 2481 3230 Episcopus

198 3245 314 3294 Pie:
371 3243 701 3306 „Certissime
738 3246 975 3294 Ecclesia
1011 3247 1264 3308 agnoscit,
1302 3246 1580 3295 nonnullas
1617 3247 1860 3295 scientias
1896 3246 2106 3309 proprio
2146 3260 2239 3292 suo
2278 3244 2479 3293 obiecto

198 3330 290 3372 aut
336 3322 465 3371 nihil
517 3328 609 3372 aut
660 3323 749 3371 vix
796 3323 992 3385 aliquid
1046 3338 1318 3371 commune
1365 3324 1559 3371 habere
1612 3339 1727 3371 cum
1767 3324 1964 3372 directo
2003 3322 2207 3372 obiecto
2244 3321 2379 3370 fidei.
2418 3359 2429 3370 .
2468 3359 2479 3370 .

199 3403 449 3450 Attamen
487 3401 838 3464 deputationis
873 3401 1058 3449 Patres
1094 3417 1196 3449 non
1236 3406 1578 3461 censuerunt,
1628 3417 1721 3464 per
1758 3401 2037 3449 solemnem
2076 3400 2479 3449 declarationem

199 3484 252 3528 et
306 3478 455 3542 quasi
507 3479 855 3527 definitionem
910 3479 1131 3527 alicuius
1170 3479 1389 3527 Concilii
1441 3479 1760 3527 oecumenici
1811 3478 2104 3527 absolutam
2155 3477 2478 3540 quarundam

199 3557 535 3606 scientiarum
571 3557 1028 3618 independentiam
1079 3573 1169 3605 seu
1206 3557 1589 3605 immunitatem
1627 3556 1791 3605 relate
1828 3557 1891 3604 ad
1927 3556 2108 3618 fidem,
2156 3556 2379 3618 ideoque
2415 3555 2480 3603 ad

199 3635 501 3694 Ecclesiam,
540 3634 853 3697 proclamari
889 3649 1040 3696 posse
1067 3650 1126 3681 ac
1154 3634 1343 3682 debere
1370 3671 1380 3680 .
1409 3672 1420 3683 .
1448 3650 1488 3696 .;
1526 3637 1577 3683 et
1602 3634 1735 3681 hanc
1771 3634 1983 3697 insuper
2011 3631 2317 3693 [Ecclesiae]
2344 3631 2480 3680 affir-

200 3728 342 3760 mare
379 3727 481 3759 non
518 3715 712 3775 posset,
752 3712 876 3774 quin
914 3712 1285 3759 determinaret
1323 3712 1491 3772 simul,
1530 3727 1786 3775 quaenam
1813 3715 1865 3759 et
1891 3711 2070 3775 quales
2110 3710 2356 3758 scientiae
2381 3710 2478 3758 hac

199 3790 528 3838 immunitate
565 3786 912 3838 fruerentur.“
989 3789 1213 3848 (Relatio
1252 3801 1348 3838 etc.
1421 3788 1476 3838 C.
1516 3788 1576 3837 V.
1613 3791 1709 3836 205
1729 3806 1774 3837 a.
1801 3789 1870 3848 b.)

352 3866 368 3893 ²
405 3868 760 3930 Respondenti
811 3867 924 3916 loco
979 3867 1257 3915 schematis
1311 3868 1374 3915 de
1434 3867 1670 3916 doctrina
1723 3868 1979 3916 catholica
2030 3868 2283 3915 adnotant
2334 3865 2478 3913 theo-

201 3945 327 4007 logi:
385 3945 578 4006 „Acres
631 3945 692 3992 de
744 3946 840 3992 hac
889 3960 945 3993 re
997 3945 1189 3993 nostris
1238 3944 1561 4007 temporibus
1610 3945 1865 3993 excitatas
1915 3960 2026 3993 esse
2081 3942 2477 4003 controversias,
