2548 4290
92 155 274 200 Schema
292 151 637 204 Congregationi
660 162 807 203 gener.
834 164 934 192 cum
960 151 1159 205 deputat.
1184 153 1399 193 relatione
1422 153 1615 194 traditur
1635 155 1870 195 Discussio
1896 155 2129 207 generalis.
2190 154 2289 204 113

47 310 54 327 ³
86 301 261 350 actum
299 294 382 359 sit,
425 293 662 363 explicat
700 292 892 344 iisdem
930 292 1126 360 verbis,
1168 293 1361 362 quibus
1402 295 1633 362 primum
1668 295 1982 347 Praesidem
2023 295 2079 346 id
2120 295 2291 362 expli-

87 395 230 433 casse
270 375 526 438 vidimus3
577 375 772 427 deinde
814 393 1077 444 pergens:
1138 376 1358 443 „Liceat
1410 394 1540 445 ergo
1593 378 1774 430 dicere
1816 379 1931 430 sine
1971 378 2081 429 ulla
2130 377 2292 428 ullius

86 460 430 522 offensione“,
481 459 682 527 inquit,
728 459 874 524 „sine
914 459 1027 510 ulla
1067 459 1135 511 ad
1174 458 1272 511 hos
1311 460 1399 511 vel
1439 460 1559 512 illos
1599 461 1834 512 criminis
1873 461 2291 526 insimulatione,

87 543 217 597 nihil
256 542 460 593 cunctis
499 542 602 592 iam
645 559 787 592 nunc
829 542 1118 610 optabilius
1158 559 1291 607 esse,
1332 542 1435 592 nisi
1474 547 1534 593 ut
1560 560 1720 611 quam
1759 544 1991 610 primum
2020 548 2074 595 et
2099 543 2293 596 doctri-

86 644 206 680 nam
245 625 471 677 scrutari
511 629 565 675 et
604 623 769 675 dubia
807 625 1020 676 solvere
1060 631 1113 676 et
1152 624 1305 675 malis
1346 624 1569 690 mederi,
1609 625 1663 677 id
1704 630 1812 691 est,
1853 644 1915 677 ea
1953 627 2132 695 palam
2172 644 2293 695 pro-

87 710 245 762 ducta
294 708 414 760 luce
465 707 682 773 divina,
744 725 881 776 quae
931 726 1002 760 ex
1052 708 1405 777 promissione
1447 707 1647 760 Christi
1696 709 1850 760 nobis
1901 727 2114 777 semper
2152 710 2296 762 intus

37 849 40 852 ,
85 792 341 860 affulget,
392 790 563 842 nubes
604 790 900 855 discutere,
951 796 1300 860 tempestates
1341 791 1558 856 sedare,
1611 796 1664 843 et
1711 792 1766 843 in
1806 793 2048 844 veritatis
2087 793 2295 844 unitate

86 892 271 947 pacem
310 873 491 925 facere
533 873 804 925 communi
844 874 1086 939 eonsiliO,
1127 891 1300 942 aequo
1340 874 1744 943 tranquilloque
1785 875 1964 926 animo
2007 876 2185 926 cuncti
2227 876 2296 926 si-

87 957 196 1010 mul
237 956 608 1008 connitamur“
642 955 673 1008 ¹.

36 1036 39 1040 λ
226 1039 501 1091 Discussio
541 1040 840 1107 generalis,
883 1056 1020 1109 quae
1061 1040 1116 1090 in
1158 1039 1597 1107 Congregatione
1638 1040 2086 1108 quinquagesima
2125 1041 2298 1109 prima

90 1123 160 1191 (d.
202 1124 284 1175 14.
324 1122 477 1189 Maii)
518 1123 722 1191 incepit
741 1121 777 1188 ²,
830 1123 884 1173 in
937 1123 1345 1191 quatuordecim
1387 1122 1913 1191 Congregationibus
1965 1123 2150 1175 habita
2201 1129 2297 1176 est.

90 1206 329 1261 Tandem
369 1207 489 1277 plus
530 1213 747 1258 eentum
789 1208 1182 1276 quinquaginta
1221 1208 1415 1259 Patres
1459 1225 1804 1276 „persuasum
1847 1207 2136 1272 habentes,
2194 1207 2297 1259 dis-

90 1291 385 1345 cussionem
428 1308 589 1358 super
630 1290 903 1342 schemate
933 1331 944 1341 .
975 1333 985 1342 .
1016 1329 1044 1357 .,
1086 1290 1152 1342 de
1194 1308 1298 1359 quo
1339 1290 1461 1341 Rffii
1498 1290 1689 1341 Patres
1730 1306 1798 1340 ex
1839 1290 2085 1341 omnibus
2124 1292 2298 1358 regio-

52 1427 55 1429 ,
89 1373 242 1426 nibus
281 1373 386 1424 iam
427 1373 591 1424 locuti
632 1380 771 1437 sunt,
814 1390 929 1424 esse
971 1373 1115 1424 omni
1157 1390 1225 1423 ex
1266 1380 1420 1440 parte
1451 1373 1789 1436 exhaustam,
1832 1389 1893 1424 ac
1921 1373 2164 1441 protrahi
2192 1374 2297 1425 iam

90 1474 194 1509 non
234 1473 418 1525 posse,
468 1456 596 1524 quin
637 1455 917 1507 inutilibus
958 1473 1130 1524 aeque
1182 1472 1243 1506 ac
1295 1455 1584 1507 fastidiosis
1636 1455 2048 1524 repetitionibus
2088 1461 2300 1525 tempus

87 1540 341 1604 teratur“,
382 1545 441 1591 ut
481 1540 530 1591 ei
568 1539 687 1591 finis
727 1540 1114 1609 imponeretur,
1156 1540 1431 1609 petierunt
1450 1538 1484 1589 3.
1534 1539 1724 1608 Itaque
1755 1539 2040 1591 Praesides
2077 1540 2132 1590 in
2163 1539 2300 1592 Con·

89 1624 403 1694 gregatione
444 1623 688 1691 generali
728 1624 1070 1691 sexagesima
1111 1628 1303 1691 quarta
1345 1622 1418 1688 (d.
1462 1625 1508 1675 3.
1537 1621 1703 1688 Iunii)
1743 1623 2039 1674 seeundum
2080 1622 2300 1674 undeci-

91 1723 229 1758 mam
287 1705 730 1775 paragraphumt
788 1706 991 1758 decreti
1047 1706 1095 1757 d.
1157 1708 1241 1758 20.
1296 1705 1580 1757 Februarii
1637 1705 1827 1757 Patres
1880 1706 2300 1774 interrogarunt,

90 1795 264 1842 utrum
306 1789 687 1841 discussionem
728 1789 1040 1857 generalem
1079 1789 1381 1840 continuari
1420 1789 1641 1853 vellent,
1681 1806 1867 1841 necne.
1921 1789 2099 1848 Quum
2138 1789 2301 1858 longe

89 1872 254 1924 maior
292 1872 516 1923 Patrum
555 1890 678 1941 pars
718 1877 981 1941 surgeret,
1022 1873 1225 1940 primus
1253 1872 1483 1924 Praeses
1524 1871 1834 1937 declaravit,
1877 1890 1931 1923 se
1965 1877 2231 1941 potestate
2272 1890 2305 1923 a

93 1954 310 2008 Summo
340 1955 605 2007 Pontifice
647 1973 741 2023 per
784 1955 1062 2007 decretum
1106 1955 1154 2007 d.
1197 1956 1281 2008 20.
1309 1954 1595 2006 Februarii
1635 1954 1778 2005 facta
1818 1960 2058 2006 utentem
2102 1955 2303 2006 discus-

91 2038 225 2091 sioni
262 2039 506 2108 generali
544 2040 707 2090 finem
747 2039 1044 2108 imponere.
1121 2038 1306 2104 „Haec
1347 2038 1515 2090 verba
1554 2038 1797 2106 generali
1837 2039 2031 2108 plausu
2072 2045 2303 2108 excepta

91 2127 241 2188 sunt,
290 2122 418 2174 licet
457 2140 564 2174 non
606 2122 877 2174 defuerint
924 2122 1203 2186 nonnulli,
1258 2122 1348 2190 qui
1397 2127 1511 2173 tum
1552 2122 1881 2191 postulatum
1932 2128 2045 2173 tum
2087 2123 2302 2174 conclu-

91 2206 293 2258 sionem
334 2223 495 2274 aegre
537 2223 591 2257 se
634 2205 776 2257 ferre
818 2206 1203 2258 ostende1·int.“
1231 2205 1250 2235 ⁵
1328 2205 1588 2274 Sequenti
1629 2205 1714 2257 die
1755 2223 1893 2257 unus
1935 2212 1987 2257 et
2029 2207 2304 2273 octoginta

90 2288 279 2341 Patres
338 2290 786 2358 protestationem
843 2297 1030 2342 contra
1084 2290 1346 2341 indictum
1404 2289 1565 2340 finem
1629 2289 1970 2341 discussionis
2035 2290 2304 2358 generalis

89 2371 434 2425 Praesidibus
485 2374 797 2425 obtulerunt
816 2373 852 2439 ⁶,
904 2375 995 2443 qui
1035 2372 1449 2441 responderunt,
1491 2390 1577 2433 se,
1635 2391 1797 2442 quum
1838 2373 1892 2424 in
1933 2373 2304 2426 concludenda

90 2454 415 2508 discussione
455 2457 697 2524 generali
726 2457 906 2508 omnia
932 2460 1256 2521 servassent,
1296 2473 1432 2524 quae
1474 2456 1528 2506 in
1570 2456 1789 2507 decreto
1820 2456 1870 2508 d.
1902 2458 1986 2509 20.
2018 2456 2301 2509 Februarii

73 2540 407 2607 ,auctoritate
436 2540 639 2592 Summi
669 2540 946 2592 Pontificis
973 2548 1151 2592 essent
1188 2540 1493 2605 constituta,
1531 2540 1978 2608 protestationem
2019 2539 2307 2592 admittere

91 2640 195 2675 non
236 2641 392 2693 posse
413 2623 448 2674 ⁷.

233 2710 337 2770 Qui
377 2711 431 2761 in
472 2710 800 2763 discussione
841 2710 1085 2780 generali
1126 2716 1313 2762 contra
1354 2709 1571 2762 schema
1611 2710 1716 2761 iam
1756 2711 2098 2762 tractandum
2139 2711 2304 2762 locuti

91 2799 227 2862 sunt,
266 2794 585 2863 praesertim
627 2794 1111 2863 conquerebantur,
1155 2793 1297 2862 quod
1336 2793 1402 2844 de
1431 2794 1677 2844 Primatu
1704 2799 1973 2861 ageretur,
2015 2799 2303 2862 antequam

91 2882 267 2929 actum
323 2882 463 2929 esset
503 2877 568 2929 de
610 2877 872 2929 Ecclesia.
952 2877 1102 2936 Quae
1156 2877 1377 2945 querela
1427 2878 1590 2928 etiam
1639 2882 1827 2946 postea
1876 2877 1930 2927 in
1972 2877 2305 2929 discussione

92 2960 310 3029 speciali
351 2961 596 3013 occurrit.
675 2959 832 3020 Quod
870 2959 1036 3011 Rffius
1078 2958 1387 3026 d'Avanzo,
1430 2960 1794 3029 deputationis
1835 2960 2066 3024 relator,
2107 2961 2161 3011 in
2202 2960 2302 3012 dis·

92 3044 331 3096 cussione
368 3044 557 3113 capitis
597 3044 754 3112 primi
795 3044 1074 3112 respondit
1112 3044 1192 3109 iis,
1239 3044 1327 3112 qui
1370 3043 1586 3095 schema
1626 3043 2007 3111 improbabant
2052 3049 2305 3113 „propter

95 3126 335 3180 ordinem
361 3128 598 3196 logicum
626 3128 903 3192 violatum,
933 3133 1155 3196 propter
1185 3126 1497 3196 exemplum
1520 3125 1718 3178 Christi
1739 3144 1845 3177 non
1870 3132 2126 3192 secutum,
2157 3127 2304 3178 deni-

95 3225 196 3278 que
235 3216 456 3279 propter
484 3210 811 3262 ordinariam
838 3210 1153 3261 methodum
1180 3227 1398 3277 prorsus
1424 3209 1814 3274 immutatam“,
1855 3209 1956 3261 hoc
1981 3210 2099 3261 loeo
2129 3210 2304 3278 aptius

17 3298 22 3302 ”
92 3291 403 3358 referemus,
446 3311 605 3362 quam
646 3298 859 3362 postea,
901 3297 1100 3361 quanto
1141 3310 1364 3361 agemus
1407 3291 1472 3343 de
1515 3291 1844 3344 discussione
1887 3293 2075 3359 eapitis
2116 3294 2302 3362 primi:

98 3376 303 3444 „Igitur
343 3378 521 3446 quoad
562 3377 807 3429 ordinem
846 3376 1080 3444 logicum
1123 3376 1449 3440 violatum“,
1503 3375 1703 3443 inquit,
1751 3392 1970 3441 „verum
2012 3382 2117 3439 est,
2161 3377 2305 3444 quod.

238 3578 252 3605 ²
288 3579 486 3626 Relatio
526 3584 619 3626 etc.
690 3579 743 3627 O.
781 3580 843 3626 V.
881 3581 969 3626 291
990 3580 1034 3626 b.
1063 3595 1101 3625 c.
1306 3578 1320 3605 ²
1359 3580 1490 3625 Acta
1528 3584 1622 3625 etc.
1674 3578 1727 3625 C.
1764 3579 1823 3626 V.
1864 3581 1952 3624 743
1970 3595 2009 3626 c.

238 3652 254 3681 ³
290 3654 611 3702 Postulatum
632 3660 726 3703 ete.
753 3655 806 3703 O.
827 3656 887 3703 V.
908 3657 1040 3702 9840
1061 3670 1165 3716 sqq.
1302 3654 1320 3680 ³*
1346 3654 1474 3702 O.V.
1494 3657 1553 3701 69
1571 3670 1614 3701 a.
1652 3654 1727 3701 Cf.
1749 3670 1900 3714 supra
1919 3655 2116 3717 Proleg.
2137 3656 2176 3703 I.
2196 3660 2305 3718 p.4.

239 3727 255 3755 ⁵
280 3730 412 3777 Acta
448 3735 541 3778 ete.
603 3730 656 3778 O.
694 3731 754 3778 V.
795 3733 940 3777 74Sc.
1121 3728 1137 3756 Β
1172 3729 1482 3777 Protestatio
1522 3734 1614 3776 etc.
1676 3728 1729 3776 O.
1766 3729 1826 3776 V.
1865 3731 2000 3777 986d
2038 3747 2145 3793 sqq.

243 3804 257 3829 '¹
294 3805 355 3851 V.
393 3804 446 3852 C.
473 3806 533 3852 V.
560 3807 713 3854 988b.
751 3833 809 3838 -
848 3807 922 3852 De
959 3806 1281 3852 conclusione
1318 3804 1644 3852 discussionis
1682 3805 1743 3851 ef.
1781 3804 2041 3865 epistolam
2074 3807 2187 3854 Rffii
2211 3809 2308 3855 Ra-

97 3879 251 3940 vinet,
284 3881 519 3942 Episcopi
557 3881 836 3928 Trecensis.
906 3881 959 3929 O.
996 3882 1055 3927 V.
1097 3881 1263 3927 1432b
1302 3895 1407 3943 sqq.

186 3962 513 4001 Granderath,
546 3964 703 3995 Constit.
728 3964 895 4004 dogmat.
1935 3963 1958 4002 8
