2548 4290
196 136 266 188 90
394 136 508 177 Pars
540 135 577 176 I.
636 133 791 176 Const.
827 133 883 175 de
915 132 1016 174 fide.
1084 132 1195 187 Cap.
1229 132 1312 173 III.
1369 131 1480 186 Ipsa
1515 130 1710 174 Constit.
1743 144 1846 174 cum
1881 130 2276 172 adnotationibus.

194 280 531 352 Unigenitus
573 281 867 333 confitetur
909 280 1081 348 Patri,
1125 279 1253 350 quia
1292 277 1583 332 abscondit
1622 279 1760 332 haec
1789 297 1821 332 a
1848 277 2210 350 sapientibuS,
2252 284 2306 331 et
2346 296 2474 349 pru-

196 366 473 431 dentibuS,
516 370 571 419 et
609 365 883 418 revelavit
924 383 990 418 ea
1030 365 1277 436 parvulis
1304 363 1371 431 a).

344 450 440 520 [2.]
484 450 568 504 Ac
609 451 749 503 ratio
791 449 1045 521 quidem,
1096 449 1203 503 fide
1245 449 1548 518 illustrata,
1607 466 1730 502 cum
1772 449 1994 516 sedule,
2051 449 2143 520 pie
2195 452 2251 502 et
2290 447 2472 501 sobrie
2541 479 2548 484 ‚

193 539 426 608 quaerit,
468 536 728 607 aliquam,
769 535 892 589 Deo
936 535 1121 600 dante,
1164 535 1551 605 mysteriorum
1594 535 2023 605 intelligentiam
2067 551 2299 605 eamque
2326 532 2473 586 fruc-

192 622 561 674 tuosissimam
613 621 953 692 assequitur,
1014 625 1132 672 tum
1186 637 1257 673 ex
1312 637 1537 687 eorum,
1594 638 1735 690 quae
1789 621 2117 673 naturaliter
2168 620 2472 689 cognoscit,

193 707 479 778 analogia,
533 712 649 759 tum
692 725 721 760 e
764 706 1151 778 mysteriorum
1195 706 1443 777 ipsorum
1485 723 1637 758 nexu
1679 707 1825 759 inter
1865 724 1922 759 se
1965 711 2021 759 et
2062 723 2187 757 cum
2226 705 2334 757 fine
2376 703 2474 757 ho-

192 793 354 846 minis
394 793 618 859 ultimo,
661 810 946 863 nunquam
988 798 1176 844 tamen
1218 791 1422 845 idonea
1462 791 1715 845 redditur
1755 792 1826 845 ad
1856 810 1922 845 ea
1962 790 2351 863 perspicienda
2392 790 2473 842 in·
2541 821 2547 824 <

191 883 304 932 star
345 879 671 946 veritatum,
724 896 865 948 quae
909 877 1197 948 proprium
1238 877 1411 946 ipsius
1454 876 1733 930 obiectum
1789 877 2132 930 constituunt
2153 875 2188 931 ¹.
2268 874 2475 928 Divina

191 965 338 1017 enim
366 965 631 1035 mysteria
656 974 851 1034 suapte
883 968 1082 1016 natura
1109 962 1455 1016 intellectum
1486 968 1736 1016 creatum
1764 964 1840 1016 sic
1875 963 2175 1029 excedunt,
2215 966 2275 1015 ut
2304 961 2472 1014 etiam

190 1051 535 1104 revelatione
577 1049 781 1102 tradita
821 1055 877 1102 et
917 1049 1026 1102 fide
1068 1053 1354 1119 suscepta,
1412 1049 1585 1120 ipsius
1625 1054 1815 1102 tamen
1856 1048 1987 1102 fidei
2028 1048 2304 1101 velamine
2347 1064 2473 1100 con-

189 1141 339 1191 tecta
395 1142 450 1190 et
491 1137 730 1208 quadam
790 1137 946 1232 quasi
1002 1136 1239 1206 caligine
1298 1135 1565 1189 obvoluta
1615 1141 1906 1203 maneant,
1967 1133 2232 1206 quamdiu
2272 1133 2329 1186 in
2369 1133 2473 1185 hac

188 1223 410 1276 mortali
451 1224 567 1276 vita
607 1223 1030 1293 peregrinamur
1072 1241 1104 1275 a
1143 1221 1412 1275 Domino:
1473 1239 1573 1293 per
1612 1221 1779 1275 fidem
1822 1221 1969 1275 enim
2010 1219 2375 1287 ambulamUS,
2417 1223 2473 1271 et

189 1327 299 1362 non
309 1327 455 1404 per
481 1326 723 1378 speciem
742 1309 853 1377 b).
816 1307 836 1340 ²

337 1436 388 1496 a)
426 1437 612 1486 Matth.
655 1440 731 1497 11,
770 1437 849 1483 25.
1035 1435 1092 1495 b)
1129 1434 1198 1482 II.
1238 1433 1357 1482 Cor.
1396 1435 1441 1494 5,
1485 1437 1527 1483 7.

341 1548 354 1575 ¹
392 1523 748 1611 Respondenti
785 1521 915 1597 loco
938 1521 1215 1596 schematis
1266 1548 1328 1596 de
1367 1520 1605 1596 doctrina
1642 1519 1899 1595 catholica
1947 1546 2176 1608 theologi
2218 1546 2345 1593 haec
2383 1543 2472 1591 ad·

188 1631 400 1675 notant:
442 1628 767 1690 „Dupliciter
803 1627 1045 1675 nimirum
1086 1627 1148 1675 de
1187 1627 1406 1675 scientia
1442 1626 1807 1689 mysteriorum
1846 1641 2014 1674 sermo
2051 1625 2233 1674 haberi
2269 1625 2470 1686 potest·

189 1707 233 1753 1.
271 1705 346 1753 ita
382 1709 441 1753 ut
478 1721 544 1753 ex
580 1705 846 1768 principiis
900 1705 1008 1752 solo
1046 1704 1240 1751 lumine
1288 1703 1508 1752 rationis
1547 1705 1833 1767 perspectis
1883 1704 1948 1751 ad
1996 1718 2176 1752 eorum
2216 1700 2473 1750 exsisten-

185 1783 310 1831 tiam
351 1784 828 1844 demonstrandam,
868 1788 919 1831 et
945 1784 1280 1831 intrinsecam
1310 1784 1588 1831 essentiam
1616 1782 2009 1845 intelligendam
2035 1781 2295 1844 perveniri
2320 1794 2471 1842 posse

185 1861 405 1923 dicatur,
444 1866 603 1925 atque
639 1863 738 1910 hoc
775 1878 931 1910 sensu
969 1862 1336 1910 existimentur
1372 1862 1620 1910 veritates
1646 1878 1750 1910 non
1784 1860 2226 1925 superrationales
2264 1858 2354 1907 sed
2390 1874 2471 1905 ra·-

183 1939 423 1988 tionales.
463 1978 472 1988 .
513 1978 523 1989 .
585 1942 628 1988 2.
668 1940 763 1988 Est
811 1940 913 1987 alia
961 1941 1330 2003 mysteriorum
1380 1940 1624 2000 scientia,
1680 1955 1813 2002 quae
1861 1938 2194 2002 progreditur
2233 1953 2297 1985 ex
2333 1936 2472 2000 prin·
2513 2000 2519 2007 ᾗ

184 2017 328 2080 cipiis
365 2018 610 2066 revelatis
652 2025 703 2066 et
739 2018 838 2065 fide
878 2018 1120 2079 creditis,
1159 2023 1316 2082 atque
1355 2018 1433 2065 his
1471 2018 1738 2080 principiis
1774 2017 2032 2066 innititur.
2102 2016 2247 2065 Haec
2283 2014 2463 2063 intelli·

180 2095 359 2157 gentia
395 2096 557 2157 absit,
596 2102 655 2144 ut
693 2096 1030 2158 excludatur,
1085 2113 1145 2145 ea
1182 2098 1314 2145 enim
1355 2097 1694 2145 constituitur
1729 2111 1918 2159 magna
1952 2111 2074 2159 pars
2111 2108 2290 2143 sacrae
2325 2092 2465 2141 theo·

181 2173 366 2236 logiae.
438 2175 567 2223 Fide
615 2175 859 2223 nimirum
908 2176 1180 2238 supposita
1227 2176 1539 2239 inquiritur,
1596 2174 1856 2237 quomodo
1894 2175 2145 2223 veritates
2182 2173 2235 2220 in
2271 2170 2466 2219 revela-

182 2251 323 2300 tione
363 2253 465 2300 sint
504 2254 820 2316 propositae,
860 2269 994 2315 quae
1033 2260 1112 2301 est
1150 2254 1415 2316 theologia
1448 2254 1662 2316 positiva
1699 2253 1780 2313 (ut
1808 2252 1907 2300 dici
1933 2250 2115 2314 solet);
2153 2254 2311 2312 atque
2346 2249 2466 2298 inde

182 2332 462 2393 assumptis
511 2332 667 2379 etiam
720 2332 1034 2380 veritatibus
1072 2336 1123 2380 et
1159 2333 1426 2396 principiis
1475 2332 1820 2380 rationalibus
1870 2332 2046 2394 aliqua
2097 2330 2359 2392 analoyz'ca
2393 2327 2468 2375 in-

179 2409 470 2471 telligentia
518 2425 693 2457 rerum
742 2426 835 2474 per
871 2409 1243 2458 revelationem
1295 2412 1624 2473 cognitarum
1663 2410 1963 2470 deducitur,
2019 2408 2142 2473 quid
2181 2409 2283 2456 sint
2320 2408 2372 2454 in
2411 2421 2466 2456 se

179 2485 330 2549 ipsis:
384 2486 527 2548 ,fides
577 2487 783 2550 quaerit
819 2486 1188 2550 intellectum‘3
1241 2489 1476 2551 haecque
1530 2493 1608 2536 est
1655 2489 1921 2551 theologia
1958 2487 2294 2551 speculativa.
2364 2484 2468 2533 Ubi

181 2579 364 2612 sensus
403 2565 732 2628 dogmatum,
783 2571 841 2614 ut
877 2567 928 2614 in
967 2568 1289 2615 revelatione
1328 2568 1625 2615 continetur
1675 2572 1726 2616 et
1775 2568 1838 2616 ab
1877 2566 2114 2615 Ecclesia
2150 2564 2464 2625 declaratur,

179 2643 547 2705 praestituitur
587 2648 833 2707 tanquam
870 2661 1069 2705 norma,
1110 2646 1394 2693 secundum
1433 2662 1587 2709 quam
1615 2646 1853 2694 notiones
1879 2644 2270 2708 philosophicae
2308 2657 2465 2705 expo-

178 2721 383 2769 liendae
421 2726 542 2769 sunt
578 2722 630 2770 in
669 2739 763 2771 sua
799 2723 1149 2785 applicatione
1186 2724 1251 2772 ad
1289 2725 1613 2787 analogicam
1653 2725 1881 2787 aliquam
1920 2723 2316 2785 intelligentiam
2353 2737 2461 2785 my-

176 2801 473 2862 steriorum,
501 2804 559 2848 ut
588 2818 616 2848 a
636 2801 857 2850 Summis
878 2802 1215 2850 Pontificibus
1243 2806 1293 2851 et
1321 2803 1577 2865 theologis
1605 2803 1874 2852 catholicis
1902 2818 2106 2865 semper
2131 2801 2327 2850 factum
2355 2804 2460 2861 est3
2540 2811 2547 2820 ·

177 2892 282 2925 non
317 2892 442 2926 vero
481 2879 662 2927 ordine
698 2880 904 2928 inverso
942 2880 1182 2928 notiones
1208 2896 1349 2929 mere
1374 2881 1659 2929 rationales
1686 2897 1750 2929 ex
1776 2881 2105 2943 philosophia
2129 2883 2460 2943 praestruere

176 2955 255 3003 fas
295 2959 387 3017 est,
429 2958 616 3020 quibus
654 2973 838 3006 sensus
876 2959 1177 3021 dogmatum
1215 2961 1639 3015 accommodetur
1677 2961 1911 3008 diversus
1949 2961 2013 3009 ab
2053 2973 2130 3020 ec,
2169 2958 2258 3022 qui
2292 2958 2345 3006 in
2382 2973 2460 3006 re·

175 3034 435 3083 velatione
475 3037 759 3084 secundum
798 3037 1086 3085 doctrinam
1125 3054 1183 3086 ac
1232 3039 1608 3101 professionem
1646 3039 1912 3087 Ecclesiae
1960 3038 2272 3087 continetur.
2343 3036 2459 3085 Hoc

177 3117 352 3161 autem
400 3114 568 3176 ipsum
608 3119 712 3175 est,
768 3116 908 3178 quod
960 3117 1206 3177 ,humana
1253 3118 1388 3166 ratio
1438 3122 1489 3167 et
1524 3118 1853 3182 philosophia
1899 3117 1951 3165 in
1999 3116 2263 3179 religionis
2300 3116 2458 3164 rebus

174 3206 280 3238 non
318 3190 571 3238 dominari
621 3192 710 3240 sed
762 3193 996 3241 ancillari
1046 3195 1254 3242 omnino
1309 3192 1533 3244 debent‘.
1603 3195 1892 3258 Propterea
1942 3195 2007 3243 ad
2042 3195 2455 3258 praecavendam

174 3268 360 3317 falsam
396 3270 880 3333 interpretationem
918 3272 1114 3320 decreti
1151 3274 1342 3321 dicitur
1380 3272 1452 3334 (in
1491 3274 1751 3322 schemate
1788 3272 1850 3321 de
1877 3272 2114 3321 doctrina
2151 3272 2456 3332 catholica):

164 3347 275 3409 fide
303 3348 620 3410 praelucente
655 3349 723 3396 acl
760 3350 981 3412 aliquam
1017 3353 1365 3412 mysteriorum
1401 3352 1772 3413 intelliyentiam
1800 3353 2081 3413 perveniri,
2133 3367 2259 3414 quae
2296 3358 2457 3399 tamen

172 3427 282 3487 ipsa
328 3427 595 3489 principiis
645 3428 870 3475 revelatis
920 3430 1164 3477 innititur.
1247 3430 1401 3478 Hunc
1451 3430 1642 3493 quippe
1692 3429 2017 3478 intellectum
2070 3429 2221 3479 Sinus
2279 3430 2341 3479 D.
2388 3430 2453 3478 N.

173 3503 225 3550 in
262 3504 426 3551 literis
465 3504 636 3552 citatis
679 3507 753 3553 ll.
795 3506 919 3554 Dec.
962 3509 1086 3554 1862
1127 3512 1178 3555 et
1205 3508 1283 3557 21.
1310 3509 1434 3557 Dec.
1476 3510 1602 3555 1863
1640 3508 1850 3568 indicat,
1890 3509 2218 3572 eundemque
2248 3508 2332 3556 SS.
2358 3507 2455 3556 Pa-

174 3585 280 3629 tres
321 3586 371 3629 et
407 3583 662 3630 Doctores
699 3587 808 3631 turn
846 3585 1018 3632 verbis
1057 3589 1165 3632 tum
1205 3587 1368 3634 multo
1407 3586 1568 3648 magis
1607 3601 1699 3633 suo
1741 3586 1978 3648 exemplo
2007 3587 2453 3635 commendarunt.

174 3657 253 3706 Of.
293 3659 340 3707 S.
378 3660 514 3722 Aug.
553 3677 629 3724 ep.
674 3664 783 3710 120.
816 3679 866 3711 n.
904 3664 1061 3723 2-43
1101 3664 1247 3712 Vinc.
1287 3665 1448 3713 Lirin.
1485 3681 1527 3712 c.
1566 3666 1656 3725 223
1695 3663 1743 3712 S.
1782 3664 2012 3712 Anselm.
2050 3664 2285 3727 Proslog.
2325 3680 2367 3714 c.
2408 3669 2451 3713 1.

174 3734 367 3799 (Migne
394 3738 495 3786 PP.
523 3739 626 3787 LL.
651 3739 912 3800 XXXIII,
948 3742 1042 3788 453
1071 3757 1174 3803 sq.;
1212 3742 1269 3803 L,
1309 3745 1435 3805 6673
1472 3742 1709 3803 CLVIII,
1749 3741 1894 3803 224);
1932 3742 1979 3791 S.
2008 3743 2188 3791 Thom.
2216 3743 2452 3792 Prooem.

173 3814 238 3861 ad
275 3814 326 3862 ll.
366 3820 495 3864 sent.
535 3814 663 3864 etc.“
739 3817 816 3877 (O.
854 3819 916 3867 V.
955 3820 1115 3867 5261).
1146 3818 1210 3879 c.)

323 3891 339 3917 ²
376 3892 459 3939 Ad
497 3895 896 3956 respondentem
945 3896 1115 3944 locum
1169 3898 1446 3946 schematis
1499 3898 1562 3946 de
1613 3898 1850 3946 doctrina
1902 3899 2159 3947 catholica
2194 3900 2450 3948 adnotant

171 3969 429 4031 theologi:
486 3971 676 4031 ⁷,Error
713 3974 999 4036 oppositus,
1039 3990 1140 4038 quo
1179 3979 1420 4038 negatur,
1460 3977 1715 4025 contineri
1751 3977 1804 4024 in
1841 3976 2162 4026 revelatione
2199 3978 2449 4041 mysteria
