2548 4290
202 114 307 166 150
366 114 479 155 Pars
510 114 568 153 Π.
628 111 783 154 Const.
818 111 872 153 de
904 112 1028 153 Eccl.
1093 109 1204 165 Cap.
1239 111 1296 151 11.
1357 109 1774 152 Commentationes
1809 109 1865 152 de
1897 111 2132 166 aliquibus
2164 112 2293 155 locis.

198 259 534 331 Apostolicis
580 257 705 325 „Ad
746 258 1105 328 Apostolicae
1149 257 1363 324 Sedis“,
1417 274 1488 310 ex
1531 257 1729 327 quibus
1769 257 1839 311 ad
1890 257 2121 311 verbum
2177 258 2470 332 desumpta

199 351 307 412 est,
363 343 673 397 Concilium
710 343 973 413 generale
1015 342 1350 411 intelligitur
1392 341 1704 395 Concilium
1746 343 1863 396 sine
1903 342 2093 413 Papa,
2136 349 2303 414 atque
2343 363 2468 416 pro-

197 428 394 498 positio
435 428 630 480 nititur
676 426 927 481 doctrina
967 427 1194 480 Richeri
1234 426 1399 497 plane
1441 426 1746 495 haeretica,
1804 428 1987 481 claves
2027 427 2308 482 Primatus
2359 447 2469 484 non

197 512 515 566 immediate
558 513 755 580 Petro,
811 513 908 566 sed
950 513 1238 566 Ecclesiae
1281 511 1513 565 traditas
1556 530 1704 581 esse,
1758 513 1836 566 ita
1875 519 1937 566 ut
1977 513 2258 581 Ecclesia,
2301 532 2469 585 quum

197 599 379 652 claves
420 599 590 652 Petro
633 603 686 652 et
714 598 981 652 Romanis
1010 597 1374 651 Pontificibus
1416 597 1651 665 dederit,
1694 616 1786 652 eas
1829 599 1997 653 etiam
2036 599 2102 652 iis
2142 598 2470 655 subtrahere

197 688 252 737 et
291 684 384 736 alii
424 685 645 738 tradere
686 683 914 756 possit¹.
981 683 1103 745 Qua
1145 683 1408 736 damnata
1448 683 1663 736 haeresi
1706 689 1859 738 certe
1898 703 2012 737 non
2053 684 2347 738 damnatur
2386 703 2469 740 se-

196 769 376 823 cunda
415 770 510 823 illa
551 770 855 837 sententia,
897 770 1078 840 ipsum
1121 769 1407 822 Summum
1450 768 1779 822 Pontificem
1821 771 1912 823 vel
1955 770 2266 825 Concilium
2308 788 2470 824 oecu-

194 855 472 908 menicum
515 872 638 908 cum
681 856 838 926 Papa
877 855 1187 907 Primatum
1229 854 1299 907 ad
1342 854 1507 907 aliam
1549 854 1739 908 sedem
1781 856 2082 909 transferre
2124 873 2302 926 posse.

980 1026 1548 1081 COMMENTATIO
1590 1026 1691 1081 IV.

195 1150 371 1197 Concilii
401 1150 642 1197 Florentini
686 1153 735 1198 de
778 1153 823 1197 vi
867 1166 918 1198 ac
961 1152 1131 1198 ratione
1162 1152 1384 1198 Primatus
1431 1152 1621 1198 definitio
1654 1152 1698 1197 in
1740 1151 1926 1198 tertium
1970 1152 2103 1212 caput
2136 1152 2473 1201 Constitutionis

979 1229 1142 1287 primae
1177 1228 1226 1273 de
1259 1228 1455 1273 Ecclesia
1487 1227 1679 1286 recepta.

344 1345 581 1401 Concilii
624 1348 937 1401 florentini
979 1348 1227 1401 definitio
1281 1348 1348 1401 de
1390 1347 1644 1400 Primatu
1686 1352 1912 1418 recepta
1954 1347 2064 1401 iam
2107 1354 2225 1402 erat
2264 1349 2321 1400 in
2361 1348 2469 1419 pri--

193 1431 397 1485 stinum
440 1433 661 1487 schema
690 1433 758 1487 de
790 1433 1056 1487 Ecclesia.
1123 1434 1274 1501 Erat,
1316 1440 1377 1486 ut
1404 1433 1628 1486 aiebant
1656 1433 1923 1503 theologi,
1970 1451 2099 1501 „cur
2142 1434 2211 1487 ad
2239 1433 2470 1487 Floren-

193 1518 365 1571 tinam
407 1519 789 1573 definitionem
818 1520 1144 1573 nominatim
1185 1520 1592 1590 appellaretur,
1636 1537 1763 1571 nam
1792 1524 2014 1589 praeter
2052 1519 2188 1574 alias
2217 1519 2470 1589 superius

192 1604 527 1674 significatas
568 1606 811 1659 rationes
851 1625 950 1659 sua
990 1607 1320 1659 auctoritate
1352 1612 1405 1658 et
1434 1605 1696 1676 exemplo
1726 1606 2018 1676 quingenti
2057 1605 2173 1659 fere
2203 1606 2466 1677 Episcopz.

192 1691 502 1760 praeibant,
545 1693 637 1763 qui
678 1710 823 1745 anno
857 1694 995 1745 1867
1028 1711 1098 1745 ex
1127 1697 1242 1745 toto
1285 1691 1418 1745 orbe
1460 1698 1734 1745 terrarum
1764 1692 1820 1744 in
1848 1691 2005 1745 Urbe
2033 1692 2252 1745 collecti
2293 1692 2372 1744 ita
2399 1690 2468 1744 ad

194 1775 378 1829 Sffium
409 1777 476 1830 D.
507 1777 575 1831 N.
618 1778 790 1831 locuti
815 1783 972 1830 sunt:
1017 1778 1283 1845 ,Firmum
1326 1778 1471 1831 enim
1516 1778 1688 1830 menti
1718 1783 1939 1830 nostrae
1968 1782 2068 1846 est,
2111 1778 2334 1849 alteque
2377 1776 2460 1830 de-

192 1862 393 1930 fixum,
448 1864 595 1934 quod
636 1864 833 1917 Patres
871 1864 1181 1917 Florentini
1223 1865 1279 1917 in
1321 1864 1545 1918 decreto
1587 1864 1806 1917 unionis
1849 1864 2208 1917 definierunt:
2264 1864 2462 1916 Roma-

192 1966 324 2001 num
362 1949 691 2003 Pontificem
734 1949 939 2004 Christi
980 1950 1295 2016 Vicarium,
1351 1950 1520 2003 totius
1560 1949 1845 2003 Ecclesiae
1899 1955 2065 2020 caput
2117 1955 2172 2002 et
2224 1950 2462 2002 omnium

191 2035 613 2089 christianorum
655 2042 869 2107 patrem
922 2041 976 2090 et
1028 2036 1312 2089 doctorem
1369 2036 1689 2090 exsiste1·e‘“
1715 2034 1751 2087 ².
1832 2037 2018 2089 Antea
2059 2036 2203 2089 inter
2245 2035 2463 2090 decreta

192 2119 259 2173 de
288 2121 567 2175 Primatus
610 2122 663 2174 vi
705 2140 768 2175 ac
809 2122 1024 2175 ratione
1054 2122 1333 2175 exstantia
1361 2121 1464 2174 sibi
1493 2122 1734 2174 maxime
1763 2120 2145 2174 Florentinam
2172 2121 2464 2174 formulam

192 2209 730 2262 commemorandam
775 2228 893 2262 esse
924 2208 1201 2276 dixerant,
1247 2227 1450 2279 „quum
1490 2213 1736 2279 praestet
1776 2209 2050 2278 gravitate
2092 2226 2155 2263 ac
2198 2208 2465 2263 definitio-

191 2312 321 2347 num
365 2295 748 2365 amplitudine,
790 2300 845 2347 et
885 2294 1229 2347 Graecorum
1272 2311 1492 2365 quoque
1534 2294 1893 2346 consensione
1937 2293 2106 2347 fuerit
2146 2295 2403 2365 recepta“
2427 2293 2464 2348 3.

341 2383 642 2454 Theologis
683 2390 870 2437 autem
913 2384 1193 2454 placebat.
1243 2384 1415 2436 inciso
1461 2384 1742 2451 „omnium
1783 2383 2209 2437 christianorum
2250 2393 2464 2456 patrem

192 2472 247 2521 et
288 2468 603 2522 doctorem“
649 2470 855 2523 addere
902 2476 973 2537 „et
1010 2469 1232 2522 iudicem
1270 2469 1603 2539 supremum“
1655 2487 1726 2522 ex
1767 2468 1853 2521 Pii
1894 2469 1996 2522 VI.
2038 2469 2207 2522 Brevi
2252 2470 2466 2541 „Super

191 2554 503 2608 soliditate“
546 2558 633 2609 28.
674 2555 816 2609 Nov.
864 2558 1032 2622 1786,
1078 2556 1135 2608 in
1175 2574 1282 2626 quo
1323 2555 1544 2626 Eybelii
1583 2554 1726 2607 liber
1767 2560 2064 2625 propterea
2104 2556 2270 2608 etiam
2314 2556 2464 2610 dam-

190 2646 381 2708 natur,
425 2641 574 2712 quod
618 2641 950 2707 „fanaticam
993 2660 1110 2695 esse
1153 2641 1377 2694 vocem“
1421 2640 1587 2706 dixit,
1629 2640 1942 2694 Romanum
1983 2641 2307 2694 Pontificem
2354 2643 2464 2709 „vi-

191 2727 401 2780 carium
444 2746 562 2781 esse
607 2727 839 2794 Christi,
894 2734 1061 2799 caput
1100 2727 1388 2781 Ecclesiae
1430 2727 1674 2795 visibile,
1732 2726 1955 2780 iudicem
1994 2744 2301 2797 supremum
2330 2727 2466 2798 fide-

190 2813 375 2865 lisam&
455 2814 630 2866 Porro
687 2813 756 2866 ab
807 2812 988 2866 allatis
1039 2813 1350 2866 Florentini
1406 2812 1617 2866 decreti
1672 2812 1856 2866 verbis
1910 2812 2270 2866 excluserunt
2326 2814 2463 2866 haec

190 2904 469 2968 postrema
508 2898 974 2970 „quemadmodum
1013 2900 1164 2951 etiam
1197 2901 1251 2951 in
1285 2900 1438 2969 yestz's
1464 2899 1906 2952 oecumenicorum
1937 2898 2286 2952 Concz'lz'orum
2325 2905 2369 2952 et
2406 2899 2463 2953 in

187 2986 354 3037 sacris
379 2985 662 3037 canonibus
688 2984 1001 3038 contineam-⁰
1017 3005 1036 3052 ;
1082 2986 1376 3055 „quoniam
1407 2984 1526 3054 ea“,
1568 2989 1629 3037 ut
1657 2984 1829 3051 aiunt,
1864 3002 2019 3051 „cum
2051 2984 2322 3053 prioribus
2351 3003 2462 3039 non

188 3070 496 3139 iunguntur
537 3070 617 3121 uti
658 3088 785 3140 pars
814 3071 903 3123 vel
932 3070 1210 3123 obiectum
1242 3069 1594 3135 definitionis,
1636 3069 1732 3122 sed
1761 3070 1840 3121 uti
1871 3068 2206 3122 definitionis
2236 3087 2461 3140 praece-

191 3155 370 3209 dentis
411 3156 707 3222 motivum,
760 3155 909 3225 quod
948 3161 1175 3221 vocant,
1230 3156 1319 3207 vel
1374 3156 1514 3208 ratio
1568 3155 2016 3208 confirmationis
2095 3154 2256 3208 Licet
2296 3155 2460 3226 enim,

189 3246 250 3293 ut
290 3246 481 3293 notum
523 3245 631 3306 est,
685 3241 1087 3310 gallicanorum
1139 3241 1343 3311 quique
1395 3241 1744 3294 iansenianas
1801 3245 1856 3293 et
1905 3240 2293 3311 regalistarum
2345 3241 2459 3312 opi-

190 3325 382 3379 niones
422 3330 719 3393 sectantur,
763 3325 949 3395 plures
985 3344 1095 3379 non
1138 3325 1434 3392 defuerint,
1479 3326 1571 3396 qui
1612 3325 1784 3378 verba
1822 3325 1918 3378 illa
1958 3325 2028 3378 ad
2069 3327 2460 3396 praestitutum

191 3410 527 3463 definitionis
579 3409 858 3463 obiectum
910 3411 1197 3463 trahentes
1238 3411 1611 3478 affirmarent,
1667 3410 1863 3463 iisdem
1914 3410 2141 3479 plenam
2182 3411 2460 3464 Primatus

190 3501 521 3565 potestatem
571 3495 797 3547 limitari
843 3500 1008 3566 atque
1062 3496 1231 3548 sacris
1273 3495 1625 3567 Synodorum
1679 3494 1983 3548 canonibus
2026 3495 2325 3549 obnoxiam
2368 3496 2459 3551 de-

191 3580 417 3633 clarari:
471 3586 815 3651 compertum
855 3586 1042 3634 tamen
1086 3581 1340 3634 omnibus
1382 3586 1479 3648 est,
1521 3580 1853 3634 sententiam
1889 3580 2066 3648 istam,
2114 3599 2254 3652 quae
2297 3582 2460 3635 certis

189 3666 465 3719 rationum
516 3667 807 3719 momentis
845 3672 962 3718 tum
1005 3666 1237 3736 criticiS,
1295 3685 1324 3719 6
1365 3667 1537 3720 latina
1590 3665 1845 3735 originali
1898 3665 2135 3720 lectione
2179 3667 2458 3737 ,quemad-

343 3867 354 3893 ¹
394 3866 472 3915 Cf.
511 3868 798 3930 Franzelin,
838 3868 1033 3915 Theses
1073 3867 1134 3914 de
1171 3867 1407 3916 Ecclesia
1445 3867 1639 3916 Christi
1675 3883 1722 3930 p.
1761 3867 1857 3913 215
1897 3881 2007 3928 sqq.

341 3943 356 3970 2
395 3943 606 3992 Schema
644 3948 741 3993 etc.
813 3944 868 3993 C.
905 3944 969 3992 V.
1005 3946 1162 3992 614a.
1191 3945 1237 3991 b.
1421 3943 1436 3971 ³
1476 3944 1606 3993 Ibid.
1679 3943 1734 3992 C.
1775 3942 1836 3991 V.
1875 3945 1970 3990 613
1988 3943 2034 3991 d.
