2548 4290
181 144 251 194 52
373 145 487 185 Pars
520 144 554 184 Ι.
614 142 770 185 Const.
806 142 861 184 de
892 142 994 183 fide.
1062 140 1172 196 Cap.
1206 141 1263 182 11.
1324 140 1741 183 Commentationes
1774 140 1830 182 de
1863 140 2099 195 aliquibus
2130 141 2260 183 locis.

180 290 451 343 concedit.
535 288 844 359 „Reapse“,
897 288 1101 358 inquit,
1152 286 1367 357 „quoad
1410 286 1807 357 etymologiam
1850 291 1932 339 est
1973 285 2269 339 discrimen
2310 287 2457 340 inter

177 374 275 427 has
317 391 507 439 voces,
550 373 658 425 imo
686 372 854 425 etiam
895 373 952 424 in
982 371 1279 443 hypothesi
1310 376 1495 442 potest
1528 371 1795 441 distingui
1823 372 1968 425 inter
1996 370 2197 423 librum
2230 372 2454 424 canoni-

176 476 300 511 cum
341 465 396 512 et
435 459 760 528 inspiratum
816 476 912 511 seu
967 459 1146 528 potius
1187 458 1308 510 vice
1350 474 1537 509 versa:
1592 457 1687 510 sed
1732 458 1787 510 in
1830 463 2119 523 concretO,
2173 457 2315 510 sicut
2353 476 2458 511 nos

174 544 452 613 loquimur
492 543 561 596 de
602 543 757 595 libris
792 544 956 596 sacris
985 543 1186 596 veteris
1229 547 1284 595 et
1318 543 1449 595 novi
1479 541 1840 608 Testamenti,
1884 543 2096 595 nullum
2141 542 2304 594 datur
2345 542 2451 595 dis-

175 629 382 681 crimen
424 630 568 682 inter
606 628 776 681 libros
830 629 1123 682 canonicos
1177 633 1232 680 et
1272 627 1417 680 inter
1469 626 1640 680 libros
1690 627 1989 698 inspiratos
2032 645 2129 680 3611
2171 628 2406 681 366103.“
2434 628 2451 661 ¹

322 714 517 785 Itaque
559 715 690 767 licet
729 732 890 767 voces
931 714 1078 766 inter
1120 731 1177 766 se
1221 713 1470 766 converti
1499 713 1728 783 possint,
1772 730 1940 783 quum
1971 731 2161 766 omnes
2202 713 2329 765 libri
2371 713 2451 765 in-

172 800 363 871 spirati
404 801 571 853 iidem
602 800 710 852 sint
739 800 990 852 canonici
1033 805 1087 852 et
1117 799 1236 852 vice
1267 816 1444 865 versa,
1486 805 1673 851 tamen
1702 804 2004 869 conceptus
2032 798 2294 852 formales
2323 806 2453 852 sunt

173 885 376 938 diversi
418 891 582 956 atque
624 885 949 956 hypothesis
989 884 1123 955 fingi
1167 889 1377 954 potest,
1428 902 1536 954 qua
1576 883 1717 936 liber
1757 884 2058 955 inspiratus
2100 902 2211 938 non
2251 885 2320 937 sit
2363 902 2451 937 ca-

171 972 418 1025 nonicus,
474 971 530 1024 Si
573 989 703 1024 vero
746 971 1078 1040 (1116611111113,
1122 971 1283 1041 quale
1312 971 1458 1023 inter
1489 987 1582 1023 eos
1611 971 1680 1022 sit
1710 970 2024 1034 discrimen,
2065 970 2139 1035 id,
2181 975 2243 1022 ut
2283 988 2453 1040 supra

170 1058 468 1123 innuimus,
511 1058 641 1110 satis
682 1057 736 1109 in
779 1058 900 1127 ipsa
943 1056 1265 1109 definitione
1294 1056 1600 1109 indicatum
1635 1061 1733 1109 est.
1795 1055 1993 1126 Neque
2023 1056 2170 1109 enim
2200 1056 2256 1108 id
2285 1056 2450 1126 plane

170 1161 483 1214 repugnare
526 1148 695 1214 patet,
739 1143 921 1196 Deum
966 1143 1249 1195 hominem
1292 1141 1362 1195 ad
1402 1142 1603 1195 librum
1646 1142 1999 1195 scribendum
2041 1142 2119 1195 ita
2157 1142 2451 1213 inspirare,

168 1234 228 1281 ut
267 1231 385 1299 ipse
424 1229 578 1282 Deus
620 1229 687 1282 sit
727 1229 854 1281 libri
896 1235 1116 1296 auctor,
1171 1230 1300 1282 licet
1343 1247 1471 1282 eum
1513 1228 1799 1281 Ecclesiae
1842 1233 2106 1299 tanquam
2161 1228 2449 1299 publicum

170 1315 286 1367 61113
327 1315 526 1368 librum
580 1315 800 1368 tradere
859 1316 1117 1369 noluerit.
1197 1315 1280 1368 Ea
1332 1316 1388 1367 in
1441 1315 1737 1386 hypothesi
1789 1314 1932 1367 liber
1988 1315 2289 1386 inspiratus
2331 1315 2448 1385 qui-

170 1399 294 1453 dem
337 1407 391 1453 et
431 1419 584 1453 sacer
626 1406 735 1467 est,
788 1400 885 1453 sed
927 1402 1222 1453 canonicus
1264 1418 1375 1453 non
1418 1406 1515 1453 est.
1595 1396 1772 1450 Κανών
1814 1405 1896 1453 est
1935 1400 2158 1469 regula,
2199 1400 2447 1454 amussiS.

168 1484 364 1539 Patres
416 1505 448 1539 a
499 1487 688 1557 primis
746 1486 1078 1539 christianae
1129 1486 1416 1556 religionis
1470 1485 1705 1538 saeculis
1762 1484 2168 1538 haereticorum
2229 1485 2451 1556 placitis

168 1577 546 1642 opposuerunt
587 1572 893 1625 doctrinam
946 1572 1251 1643 apostolica
1303 1578 1486 1624 aetate
1529 1571 1813 1623 Ecclesiae
1867 1569 2127 1623 traditam
2181 1579 2445 1641 tanquam

168 1674 436 1710 canonem
478 1675 575 1709 seu
616 1657 866 1727 regulam
910 1656 1038 1710 fidei
1080 1657 1169 1710 vel
1213 1675 1482 1709 canonem
1512 1656 1963 1722 ecclesiasticum,
2004 1655 2152 1708 unde
2193 1656 2304 1708 iam
2333 1654 2449 1708 Ire-

167 1760 337 1795 naeus
378 1742 746 1814 Evangelium
791 1744 845 1796 S.
887 1743 1111 1796 Ioannis
1163 1744 1418 1812 regulam
1474 1743 1721 1795 veritatis
1775 1741 2080 1813 appellavit
2100 1741 2136 1795 ².
2219 1741 2447 1795 Solebat

167 1845 296 1880 mox
338 1829 609 1899 scriptura
648 1830 833 1882 vocari
860 1830 1142 1882 canonica.
1199 1828 1355 1881 Inter
1396 1828 1626 1881 Latinos
1668 1832 1853 1880 autem
1896 1833 2146 1897 tempore
2181 1826 2447 1880 331116-

166 1915 383 1985 ronymi
426 1921 480 1967 et
520 1915 821 1985 Augustini
868 1933 979 1967 vox
1022 1916 1247 1968 canonis
1299 1915 1377 1967 ita
1418 1915 1674 1984 usurpari
1716 1917 1916 1984 coepta
1957 1919 2065 1979 est,
2125 1919 2217 1980 „ut
2267 1929 2447 1966 sacro·

167 2018 289 2051 rum
330 2000 600 2054 librorum
643 2001 1046 2064 collectionem,
1089 2001 1178 2054 vel
1220 2001 1404 2070 potius
1431 2018 1622 2054 omnes
1648 2017 1740 2052 eos
1767 1999 1937 2051 libros
1968 1997 2306 2068 designaret,
2350 1999 2443 2069 qui

164 2085 385 2156 publice
427 2088 482 2139 in
526 2087 773 2140 coetibus
815 2087 1088 2156 religiosis
1131 2104 1232 2140 ceu
1275 2087 1414 2139 sacri
1458 2092 1513 2139 et
1555 2086 1819 2138 divinitus
1858 2085 2114 2155 inspirati
2156 2084 2443 2155 praelege-

164 2171 395 2224 bantur“
421 2171 457 2225 3.
511 2172 716 2225 Postea
757 2173 925 2225 etiam
968 2172 1254 2242 catalogus
1285 2173 1482 2225 horum
1524 2172 1794 2225 librorum
1823 2188 2002 2223 canon
2031 2170 2440 2241 appellabatur.

311 2258 481 2311 Liber
523 2259 820 2311 canonicus
871 2258 1041 2328 igitur
1083 2265 1164 2311 est
1204 2259 1377 2325 liber,
1432 2259 1525 2328 qui
1579 2276 1690 2311 non
1743 2257 1923 2310 solum
1963 2256 2290 2327 inspiratUS,
2344 2255 2442 2309 sed

165 2344 331 2396 etiam
356 2344 641 2398 Ecclesiae
682 2350 944 2414 tanquam
986 2345 1284 2416 inspiratus
1326 2361 1388 2398 ac
1430 2344 1684 2415 publicus
1723 2344 1840 2397 eius
1881 2342 2023 2396 liber
2064 2341 2300 2395 traditus
2343 2347 2476 2425 est.,

162 2428 359 2500 Neque
404 2429 703 2500 quidquam
732 2430 1008 2500 prohibet,
1052 2431 1344 2500 quominus
1386 2431 1442 2482 in
1473 2435 1803 2501 conceptum
1830 2428 1956 2480 libri
1986 2428 2240 2498 inspirati
2272 2428 2440 2480 etiam
2511 2454 2548 2484 «Μ

162 2514 301 2567 11111(1
342 2516 688 2586 recipiamus,
733 2515 880 2586 quod
922 2516 1247 2569 emendator
1288 2534 1352 2569 60
1396 2521 1718 2569 contentum
1749 2532 1867 2567 6336
1896 2513 2089 2572 voluit,
2132 2531 2203 2567 sc.
2237 2513 2440 2566 librum

164 2599 231 2652 ab
274 2600 521 2653 Ecclesia
561 2602 727 2654 etiam
780 2600 1033 2653 fidelibus
1075 2602 1420 2672 propositum
1474 2619 1620 2668 esse,
1680 2600 1826 2672 quod
1866 2601 1960 2652 vix
2004 2599 2303 2671 quidquam
2346 2598 2443 2651 ad-

163 2684 258 2737 dit.
339 2686 481 2738 Nan]
525 2691 641 2739 tum
682 2686 859 2739 30111111
900 2686 1188 2739 Ecclesiae
1230 2688 1394 2756 plene
1437 2687 1673 2739 traditus
1716 2691 1824 2755 est,
1882 2684 2102 2756 quando
2143 2685 2212 2738 ab
2256 2692 2442 2737 aucto-

163 2771 326 2825 ritate
369 2773 745 2825 ecclesiastica
786 2772 1040 2825 omnibus
1087 2772 1343 2825 fidelibus
1384 2778 1648 2843 tanquam
1689 2772 1885 2842 regula
1924 2771 2055 2824 fidei
2096 2771 2442 2842 proponitur.

164 2856 303 2909 Cum
345 2857 448 2910 hoc
490 2858 656 2928 plane
700 2858 972 2928 congruit,
1017 2857 1180 2928 quod,
1222 2863 1283 2911 ut
1310 2877 1479 2929 supra
1518 2858 1850 2925 notavimUS,
1893 2856 2140 2927 theologi
2173 2856 2441 2909 schemati

163 2943 229 2995 de
273 2943 522 2996 doctrina
552 2944 824 2997 catholica
865 2943 1104 2996 addunt:
1154 2944 1449 3015 „Sequitur
1492 2945 1568 3011 (in
1600 2942 1946 3011 definitione)
1980 2984 1991 2995 .
2023 2985 2034 2996 .
2066 2983 2097 3010 .,
2140 2959 2247 3012 quo
2276 2959 2440 2995 sensu

162 3045 351 3081 omnes
394 3029 520 3081 libri
563 3029 881 3099 Scripturae
923 3034 978 3082 et
1032 3030 1100 3082 ob
1156 3048 1320 3100 quam
1374 3030 1647 3083 rationem
1704 3030 1781 3082 eis
1825 3029 2182 3081 intrinsecam
2232 3026 2441 3080 fuerint

162 3114 229 3167 ab
271 3114 524 3168 Ecclesia
562 3117 704 3168 sacri
744 3115 1023 3183 declarati,
1069 3121 1123 3168 et
1162 3117 1271 3168 iani
1314 3116 1418 3168 hoc
1460 3116 1579 3187 ipso
1621 3116 1678 3168 in
1721 3132 1990 3167 canonem
2029 3112 2244 3166 relati.“
2307 3112 2438 3166 Ete-

161 3200 273 3252 nim
327 3200 579 3253 collectio
632 3200 896 3253 librorum
950 3219 1252 3271 eorumque
1307 3202 1591 3271 catalogus
1649 3218 1749 3253 usu
1790 3201 1900 3253 iam
1941 3199 2168 3269 antiquo
2209 3203 2440 3251 vocatur

162 3302 367 3347 canon,
429 3304 744 3355 quanquam
802 3288 1139 3339 canonicitas
1194 3288 1301 3341 iam
1361 3292 1526 3340 antea
1578 3287 1810 3357 singulis
1867 3284 2215 3337 tribuebatur
2266 3284 2438 3338 libris.

162 3369 220 3422 Si
262 3371 382 3440 quis
423 3370 591 3441 igitur
631 3377 929 3441 propterea
969 3372 1139 3425 libros
1183 3372 1302 3424 vult
1344 3372 1632 3443 appellare
1676 3371 1998 3435 canonicOS,
2054 3369 2183 3439 quia
2224 3369 2292 3421 ab
2334 3369 2439 3421 Ec-

160 3455 325 3523 clesia
366 3456 423 3507 in
453 3455 838 3508 collectionem
881 3456 1201 3509 referuntur
1229 3457 1319 3510 vel
1348 3458 1405 3509 in
1433 3474 1643 3510 canone
1673 3460 2085 3522 enumerantur,
2129 3473 2239 3508 non
2271 3459 2435 3521 errat,

162 3558 331 3610 quum
370 3540 623 3593 Ecclesia
664 3559 756 3593 eos
793 3546 1056 3612 tanquam
1097 3543 1395 3612 inspiratos
1439 3542 1698 3613 proponit
1739 3559 1804 3594 eo
1843 3541 2110 3611 praecise,
2154 3539 2302 3611 quod
2342 3557 2438 3593 603

312 3740 564 3788 ¹Relatio
614 3745 710 3789 eto.
785 3741 839 3789 0.
890 3741 952 3790 v,
1003 3743 1147 3790 assa
1197 3760 1272 3806 sq.
1458 3743 1473 3769 2
1512 3742 1568 3790 0.
1617 3743 1759 3790 haer.
1811 3741 1908 3789 HI.
1949 3757 1989 3789 ο.
2033 3743 2088 3788 11
2142 3741 2336 3804 (Migne
2377 3728 2439 3787 pq

162 3817 250 3865 Gr.
288 3816 409 3877 VII,
449 3816 581 3877 880).

309 3893 325 3921 3
363 3895 422 3942 R.
461 3894 698 3958 Cornely‚
740 3896 1005 3944 Historica
1044 3901 1094 3944 et
1133 3898 1311 3945 critica
1348 3898 1665 3946 introductio
1704 3898 1755 3944 in
1793 3897 1852 3944 U.
1895 3897 1951 3944 Τ.
1991 3897 2150 3946 libros
2189 3911 2362 3944 sacros
2391 3896 2430 3950 1,

159 3989 207 4035 p.
248 3974 308 4018 24
348 3987 456 4035 sqq.
528 3973 590 4020 V.
627 3973 809 4021 Patres
846 3974 916 4022 ibi
954 3975 1158 4024 citatos,
