2548 4290
26 231 39 269 um
28 178 40 194 tv
26 132 33 151 ¹³·

34 229 53 276 αι,
39 207 44 210 2
24 122 62 192 ,ζῇφ

0 263 7 282 ffl-
0 253 5 256 ⁴
0 207 11 246 ἰω-
0 122 11 199 mxu-

291 156 536 197 Comment.
569 156 652 196 IX.
710 155 899 197 Concilii
931 156 1128 197 definitio
1162 156 1216 196 de
1247 156 1421 197 obiecto
1453 155 1792 197 infallibilitatis
1823 156 2092 210 pontificiae.
2209 156 2308 206 195

251 298 316 349 In
371 297 562 349 eadem
610 299 847 350 sessione
890 298 1193 351 Cardinalis
1246 299 1473 350 Praeses
1523 305 1709 351 contra
1758 300 2039 369 pristinum
2095 299 2314 351 schema

105 380 297 434 eadem
347 398 544 449 urgere
599 381 896 450 pergebat,
953 398 1091 450 quae
1143 398 1302 433 mane
1357 381 1643 434 obiecerat.
1724 382 1942 447 „Dixit,
1996 382 2314 452 praecipuos

106 464 389 532 theologos
428 469 541 515 tum
583 468 708 515 ante
749 469 926 516 ortum
966 465 1391 529 Iansenismum,
1432 469 1547 515 tum
1589 481 1652 516 eo
1693 464 1938 531 durante,
1975 470 2090 517 tum
2129 482 2315 517 recen-

106 549 242 600 tiore
281 552 523 615 tempore
564 546 1010 599 infallibilitatem
1037 547 1221 616 Papae
1250 548 1518 599 duntaxat
1543 548 1597 598 in
1628 547 1946 600 definiendis
1974 547 2316 617 dogmatibus

108 629 433 683 defendisse.
511 628 630 688 Qua
683 630 1153 698 argumentatione
1203 631 1386 700 plures
1438 630 1630 682 Patres
1686 630 2049 700 deputationis
2104 631 2317 699 decepti

107 716 248 777 sunt,
289 729 452 780 quum
492 728 601 763 non
642 712 1155 780 animadverterent,
1194 714 1315 765 illos
1354 714 1638 782 theologos
1664 715 2106 767 infallibilitatem
2133 715 2318 784 Papae

32 843 35 847 .
109 796 164 846 in
204 794 525 847 definiendis
566 794 908 863 dogmatibus
948 801 1208 866 tanquam
1247 799 1530 850 veritatem
1573 798 1640 849 de
1681 798 1786 850 fide
1826 804 2029 850 certam
2068 799 2153 851 vel
2193 799 2321 851 fidei

110 879 414 947 proximam
456 877 779 942 defendisse,
821 884 874 930 et
912 885 1202 948 praeterea
1239 886 1497 950 tanquam
1537 881 1843 949 theologice
1884 885 2088 933 certum
2128 881 2321 950 proba-

27 1017 34 1028 ,-
111 963 266 1027 visse,
307 962 515 1030 Papam
558 962 722 1013 etiam
763 963 817 1013 in
858 962 1013 1014 factis
1054 962 1374 1029 dogmaticis
1413 970 1468 1016 et
1494 965 1549 1015 in
1576 965 1815 1016 censuris
1855 964 2065 1017 haeresi
2104 965 2322 1016 minori-

113 1046 210 1098 bus
251 1063 366 1097 esse
406 1045 781 1112 infallibilem,
835 1047 998 1115 idque
1040 1047 1232 1099 eodem
1271 1048 1452 1114 modo,
1494 1066 1598 1117 quo
1638 1048 1940 1101 Ecclesiam
1980 1048 2321 1101 infallibilem

110 1147 228 1182 esse
286 1133 511 1181 constat.
586 1128 1000 1199 Archiepiscopi
1051 1130 1388 1201 DechampS,
1449 1132 1745 1200 Spalding,
1803 1132 1981 1184 Steins
2036 1138 2091 1183 et
2143 1132 2321 1201 Episc.

113 1214 329 1277 Martin,
371 1213 708 1265 adversarios
749 1215 1073 1266 conciliandi
1113 1215 1290 1267 studio
1332 1215 1494 1281 ducti,
1537 1216 1993 1283 argumentationi
2023 1215 2324 1268 Cardinalis

112 1297 254 1349 Bilio
294 1297 581 1363 favebant,
628 1298 719 1348 alii
759 1297 972 1351 fortiter
1011 1299 1353 1352 resistebant.
1431 1300 1517 1351 Sic
1558 1300 1683 1350 hinc
1722 1305 1883 1369 atque
1921 1300 2046 1350 hinc
2088 1300 2325 1368 disputa-

112 1385 225 1431 tum
268 1385 348 1431 est
385 1380 454 1431 ad
493 1380 681 1431 horam
720 1398 889 1449 usque
930 1399 1144 1433 nonam.

262 1463 520 1530 „Postero
562 1463 646 1515 die
677 1464 747 1530 (6.
775 1465 927 1530 Maii)
964 1483 1121 1517 mane
1150 1465 1312 1517 Effius
1341 1465 1569 1517 Praeses
1600 1465 1667 1516 ad
1708 1465 2000 1517 sessionem
2038 1471 2327 1517 vocaverat

115 1547 248 1598 duos
286 1547 585 1615 theologos.
639 1547 770 1598 Post
798 1548 1019 1600 brevem
1046 1550 1324 1618 utriusque
1355 1550 1653 1600 orationem
1683 1549 1750 1599 de
1779 1549 2108 1617 quaestione,
2148 1553 2329 1599 utrum

115 1635 172 1682 et
210 1629 340 1698 quid
379 1629 591 1681 definiri
633 1636 839 1698 posset,
899 1649 1025 1682 mox
1076 1632 1354 1701 inopinato
1408 1649 1439 1683 a
1480 1631 1755 1683 Cardinali
1806 1632 2019 1700 prolata
2069 1636 2149 1682 est
2188 1649 2330 1682 nova

117 1713 376 1779 formula,
425 1730 583 1782 quam
627 1719 751 1765 ante
803 1715 1096 1766 sessionem
1149 1716 1197 1766 ei
1238 1715 1703 1767 Paderbornensis
1743 1715 2040 1766 tradiderat
2062 1713 2095 1764 ¹.
2173 1715 2331 1766 Hanc

117 1797 186 1849 ab
225 1815 332 1848 uno
375 1815 402 1849 e
453 1796 723 1865 theologis
777 1798 1106 1867 praelectam
1162 1799 1297 1849 alius
1345 1798 1632 1866 theologus
1674 1798 2073 1850 commendavit
2110 1798 2188 1849 uti
2229 1798 2330 1849 sol-

119 1879 307 1932 vendis
363 1879 771 1931 difficultatibus
829 1886 1029 1949 aptam.
1106 1881 1332 1949 Rogatis
1384 1881 1692 1946 sententiiS,
1750 1881 1841 1931 alii
1893 1880 1992 1931 sibi
2043 1880 2330 1932 formulam

120 1962 363 2032 placere,
418 1963 510 2014 alii
550 1964 721 2029 ,iuxta
762 1963 999 2014 modum‘
1041 1964 1258 2033 placere
1300 1963 1579 2028 dicebant3
1634 1981 1771 2014 unus
1822 1980 1923 2014 nec
1964 1963 2333 2015 contradicere

121 2063 219 2098 nec
263 2045 515 2111 „Placet“
572 2045 752 2097 dicere
807 2047 1009 2109 voluit3
1068 2046 1172 2097 duo
1214 2046 1503 2098 formulam
1553 2046 1715 2115 plane
1756 2047 2061 2097 reiecerunt
2083 2045 2118 2096 2.
2197 2046 2334 2097 Con-

120 2129 280 2180 clusit
330 2129 550 2197 paulum
602 2129 920 2181 festinanter
962 2129 1264 2181 Cardinalis
1304 2130 1477 2181 Bilio:
1533 2129 1696 2198 ,Ergo
1751 2129 1984 2180 formula
2023 2129 2333 2198 proposita‘,

123 2213 313 2282 inquit,
343 2213 607 2278 ,omnibus
635 2213 890 2265 Patribus
922 2215 1117 2283 placet,
1148 2214 1357 2266 duobus
1384 2219 1593 2265 tantum
1621 2213 2148 2265 contradicentibus.‘
2199 2212 2335 2264 Eam

122 2297 237 2348 sine
279 2314 428 2348 mora
468 2297 611 2364 typis
652 2296 895 2349 mandari
936 2298 1103 2348 iussit.

274 2380 371 2445 „ln
409 2381 647 2432 sessione
677 2381 1093 2449 quadragesima
1122 2382 1290 2432 altera
1319 2381 1370 2431 d.
1396 2383 1442 2433 ἶ.
1465 2380 1593 2431 Maii
1621 2381 1900 2431 redierunt
1928 2379 2118 2430 Patres
2148 2378 2216 2430 ad
2244 2396 2337 2429 no-

125 2480 247 2515 vam
276 2464 563 2515 formulam
605 2465 795 2533 capitis
836 2466 1028 2533 quarti,
1070 2482 1131 2516 ac
1175 2464 1279 2516 duo
1321 2464 1417 2529 illi,
1457 2465 1546 2531 qui
1588 2481 1706 2515 eam
1746 2464 2063 2528 reiecerant,
2103 2463 2338 2513 rationes

126 2554 513 2616 exposuerunt,
554 2565 647 2598 cur
675 2548 1025 2600 reiiciendam
1055 2553 1325 2617 putarent.
1377 2548 1683 2616 Praecipua
1706 2548 1841 2598 ratio
1881 2547 2014 2598 haec
2038 2546 2155 2612 fuit,
2197 2545 2339 2614 quod

125 2631 180 2681 in
210 2631 385 2698 capite
412 2632 519 2681 iam
547 2637 752 2683 mutato
779 2632 1127 2683 tantummodo
1155 2632 1430 2696 doceatur,
1472 2631 1777 2682 Romanum
1805 2631 2124 2681 Pontificem
2160 2647 2340 2680 errare

127 2732 235 2765 non
264 2732 438 2784 posse,
480 2732 643 2782 quum
674 2714 909 2778 definiat,
952 2716 1079 2783 quid
1110 2731 1367 2784 expresse
1397 2715 1509 2781 fide
1536 2714 1711 2765 divina
1736 2713 2039 2764 credendmn
2069 2714 2151 2763 sit.
2205 2712 2341 2764 Inde

127 2799 270 2849 enim
311 2798 611 2849 timendum
655 2815 788 2864 esse,
830 2817 895 2850 ne
936 2799 1140 2864 fideleS,
1182 2816 1344 2867 quum
1376 2799 1588 2866 plenam
1629 2797 2024 2865 expositionem
2065 2796 2341 2847 doctrinae

129 2881 196 2933 de
235 2881 469 2933 Romani
509 2881 788 2932 Pontificis
839 2880 1226 2933 infallibilitate
1278 2882 1370 2932 illo
1413 2881 1589 2948 capite
1631 2880 1894 2931 contineri
1934 2884 2150 2948 putent,
2205 2879 2343 2929 hanc

128 2965 198 3016 ad
239 2965 358 3016 illas
400 2965 540 3016 solas
593 2964 933 3017 definitiones
973 2965 1241 3028 referant,
1301 2964 1493 3033 quibus
1543 2964 1677 3015 fides
1720 2962 1901 3013 divina
1940 2962 2343 3029 praescribitur,

131 3049 426 3100 adversarii
468 3054 649 3099 autem
690 3048 1089 3100 infallibilitatis
1130 3048 1435 3100 huiusmodi
1485 3049 1788 3099 exclusivum
1838 3047 2344 3114 interpretationem

132 3133 475 3201 pervulgent.
557 3132 851 3200 Postquam
892 3133 971 3183 illi
1012 3132 1117 3184 duo
1160 3132 1374 3184 dicendi
1414 3131 1574 3182 finem
1617 3130 1895 3194 fecerunt,
1949 3147 2086 3180 unus
2128 3147 2155 3180 e
2196 3130 2347 3180 theo-

281 3284 296 3311 1
331 3286 498 3332 Locus
534 3285 631 3332 huc
669 3287 903 3345 spectans
942 3288 1017 3330 est
1053 3284 1158 3330 hic:
1200 3320 1238 3344 „.
1278 3321 1287 3330 .
1327 3321 1337 3331 .
1376 3298 1530 3344 quum
1570 3320 1580 3329 .
1619 3320 1628 3329 .
1668 3320 1677 3329 .
1715 3282 1903 3342 definit,
1956 3282 2075 3342 quid
2110 3281 2160 3328 in
2196 3282 2348 3328 rebus

132 3359 249 3407 fidei
286 3365 335 3408 et
370 3376 567 3407 morum
602 3360 664 3407 ab
702 3360 939 3406 universa
974 3360 1202 3406 Ecclesia
1227 3360 1330 3418 fide
1365 3360 1532 3405 divina
1570 3358 1811 3415 (emend.:
1850 3358 1909 3404 de
1945 3356 2061 3415 fide)
2098 3358 2347 3403 tenendum

134 3436 215 3483 vel
251 3442 480 3497 tanquam
515 3437 642 3496 fidei
675 3438 971 3483 comt-arima
1007 3435 1315 3481 rejiciendam
1353 3436 1431 3482 sit.
1472 3470 1482 3480 .
1522 3471 1532 3482 .
1590 3434 1777 3492 Porro,
1827 3449 1978 3493 quum
2017 3449 2117 3478 una
2154 3432 2351 3478 eadem-

138 3527 235 3573 que
272 3512 336 3558 sit
371 3511 630 3559 Ecclesiae
678 3511 1040 3569 infallibilitas,
1091 3511 1193 3557 sive
1242 3514 1500 3571 spectetur
1547 3510 1597 3555 in
1645 3509 1809 3569 capite
1844 3509 2100 3554 Ecclesiae
2148 3508 2251 3554 sive
2299 3508 2352 3553 in

137 3588 374 3634 universa
423 3587 650 3634 Ecclesia
703 3588 914 3634 docente
974 3603 1087 3633 cum
1138 3586 1303 3647 capite
1354 3586 1498 3631 unita
1546 3622 1556 3632 .
1606 3621 1616 3630 .
1666 3622 1701 3642 .,
1762 3585 1891 3630 hanc
1937 3584 2350 3630 infallibilitatem

139 3663 288 3710 etiam
337 3663 401 3709 ad
452 3679 607 3709 unum
658 3663 891 3724 idemque
944 3662 1194 3708 obiectum
1250 3677 1359 3708 sese
1407 3661 1682 3707 extendere
1733 3659 2000 3718 docemuS,
2059 3674 2239 3720 nempe
2288 3659 2351 3705 ad

138 3738 254 3785 fidei
295 3738 577 3800 depositum
629 3737 1014 3784 custodiendum
1062 3738 1463 3797 intemerateque
1512 3733 1912 3795 exponenduni“.
1981 3735 2059 3781 Ex
2095 3735 2219 3781 actis
2257 3738 2350 3782 etc.

141 3813 195 3860 C.
239 3814 301 3860 V.
342 3813 511 3860 1684d
546 3829 618 3874 sq.

287 3889 302 3915 ²
341 3888 416 3936 Of.
454 3887 572 3935 ibid.
643 3888 695 3934 C.
733 3888 792 3933 V.
837 3890 957 3934 1685
977 3904 1021 3935 a.

1916 3964 2007 4006 13*
