2548 4290
0 78 11 249 uveam-awa-

13 128 40 247 ²'·r..7,ae,
33 45 43 69 Γ

624 183 737 223 Eius
770 195 866 236 cap.
899 183 976 223 IV.
1031 184 1099 223 De
1131 182 1209 224 SS.
1241 183 1474 223 Pontificis
1506 182 1839 224 infallibilitate.
2227 184 2325 234 231

130 325 477 377 oecumenica
505 324 761 401 C'oncilia,
802 343 866 377 ea
904 325 1183 394 imprimis,
1223 326 1278 376 in
1318 326 1510 395 quibus
1550 326 1742 377 Oriens
1782 343 1900 377 cum
1942 325 2238 378 Occidente
2278 326 2333 376 in

128 406 254 459 fidei
295 408 677 476 charitatisque
717 408 975 459 unionem
1014 408 1389 474 conveniebat,
1430 408 1840 460 declaraverunt
1862 407 1894 461 ¹.
1959 409 2149 460 Patres
2189 409 2333 460 enim

130 489 358 543 Concilii
412 491 999 561 Constantinopolitani
1056 490 1295 560 quart-i2,
1361 492 1625 544 maiorum
1677 492 1919 560 vestigiis
1970 492 2332 557 inhaerenteS,

128 575 265 626 hanc
305 574 599 626 solemnem
641 574 930 627 ediderunt
966 576 1388 644 professionem:
1440 576 1623 627 Prima
1662 576 1803 628 salus
1844 581 1949 642 est,
1991 581 2170 628 rectae
2208 576 2334 628 fidei

126 658 372 725 regulam
429 657 716 709 custodire.
793 659 865 710 Et
913 659 1038 727 quia
1088 677 1194 710 non
1246 663 1423 728 potest
1471 659 1691 710 Domini
1741 660 1908 710 nostri
1958 659 2083 711 Iesu
2136 659 2334 711 Christi

125 742 483 809 praetermitti
533 742 803 794 sententia
852 742 1104 794 dicentis:
1162 742 1245 793 Tu
1286 760 1340 793 es
1379 743 1600 806 Petrus,
1657 747 1710 794 et
1748 761 1908 811 super
1946 743 2084 794 hanc
2124 747 2334 810 petram

126 824 421 876 aedificabo
460 824 760 876 Ecclesiam
801 843 975 877 meam
992 824 1028 889 3,
1079 826 1230 890 haec,
1273 843 1409 894 quae
1451 826 1593 878 dicta
1630 831 1779 893 sunt,
1818 843 1999 877 rerum
2037 826 2336 894 probantur

127 907 435 973 effectibus,
491 908 616 976 quia
653 908 710 958 in
749 907 889 960 Sede
930 909 1247 977 Apostolica
1299 909 1645 960 immaculata
1700 914 1779 960 est
1818 927 2029 978 semper
2069 909 2334 961 catholica

126 996 403 1043 reservata
442 991 651 1059 religiO,
695 996 747 1043 et
787 996 973 1044 sancta
1014 992 1288 1044 celebrata
1328 992 1587 1044 doctrina.
1642 992 1729 1044 Ab
1770 993 1926 1044 huius
1967 1010 2096 1060 ergo
2134 991 2240 1044 fide
2280 997 2334 1044 et

126 1073 370 1126 doctrina
408 1076 648 1144 separari
688 1075 906 1127 minime
944 1077 1238 1143 cupienteS,
1279 1093 1574 1145 speramUS,
1614 1082 1674 1126 ut
1711 1077 1766 1127 in
1805 1094 1912 1127 una
1940 1076 2332 1140 communione,

126 1176 285 1227 quam
325 1158 492 1210 Sedes
532 1157 850 1228 Apostolica
889 1159 1193 1228 praedicat,
1250 1176 1365 1211 esse
1406 1177 1725 1224 mereamur,
1766 1159 1821 1210 in
1862 1177 1967 1227 qua
2006 1163 2085 1209 est
2122 1159 2334 1226 integra

125 1248 178 1292 et
231 1259 360 1293 vera
410 1242 747 1294 Christianae
801 1242 1077 1311 religionis
1130 1242 1369 1294 soliditas
1389 1242 1454 1309 a).
1531 1242 1886 1311 Approbante
1940 1260 2069 1294 vero
2108 1242 2331 1309 Lugdu-

124 1326 277 1376 nensi
306 1324 547 1377 Concilio
588 1325 823 1377 secundo
848 1324 884 1393 ⁴,
927 1325 1119 1377 Graeci
1161 1325 1389 1395 professi
1430 1331 1580 1377 sunt:
1621 1326 1873 1378 Sanctam
1903 1325 2201 1377 Romanam
2232 1324 2334 1375 Ec-

123 1407 341 1460 clesiam
392 1426 660 1460 summum
702 1415 755 1460 et
805 1409 1027 1477 plenum
1078 1410 1368 1478 primatum
1419 1414 1472 1460 et
1510 1410 1870 1478 principatum
1921 1426 2082 1477 super
2123 1409 2335 1460 univer-

123 1509 237 1542 sam
263 1491 566 1544 Ecclesiam
607 1492 925 1543 catholicam
968 1492 1229 1558 obtinere,
1271 1511 1430 1561 quem
1469 1510 1525 1544 se
1565 1493 1631 1544 ab
1671 1493 1786 1561 ipso
1815 1492 2048 1544 Domino
2087 1492 2142 1542 in
2175 1492 2333 1543 beato

125 1574 289 1626 Petro
331 1574 718 1643 Apostolorum
760 1576 1003 1645 principe
1044 1576 1156 1627 sive
1196 1577 1413 1640 vertice,
1455 1576 1603 1627 cuius
1641 1575 1918 1627 Romanus
1958 1574 2215 1626 Pontifex
2256 1581 2335 1626 est

123 1674 425 1722 successor,
479 1676 600 1709 cum
640 1659 922 1727 potestatis
962 1658 1302 1727 plenitudine
1343 1659 1611 1728 recepisse
1652 1659 1916 1711 veraciter
1968 1664 2021 1709 et
2062 1657 2335 1709 humiliter

123 1742 487 1810 recognoscit3
531 1746 583 1794 et
626 1742 763 1793 sicut
802 1761 931 1811 prae
972 1742 1237 1795 caeteris5
1276 1747 1492 1794 tenetur
1530 1743 1656 1794 fidei
1697 1743 1982 1794 veritatem
2023 1741 2333 1807 defendere,

124 1825 197 1876 sic
238 1829 306 1890 et,
348 1825 391 1877 si
432 1843 568 1894 quae
612 1825 677 1877 de
718 1825 822 1877 fide
863 1826 1115 1878 subortae
1144 1826 1345 1878 fuerint
1373 1827 1730 1895 quaestiones,
1773 1844 1867 1877 suo
1897 1826 2097 1876 debent
2136 1825 2333 1877 iudicio

126 1908 353 1961 definiri.
430 1909 807 1961 Florentinum
850 1910 1081 1979 denique
1123 1910 1424 1962 Concilium
1467 1910 1736 1961 definivit:
1778 1910 2097 1961 Pontificem
2138 1910 2334 1960 Roma-

123 2010 280 2056 num,
331 2010 518 2044 verum
561 1992 760 2044 Christi
800 1992 1106 2058 Vicarium,
1161 1994 1432 2062 totiusque
1473 1994 1749 2045 Ecclesiae
1802 1999 1963 2061 caput
2003 1998 2056 2044 et
2097 1993 2333 2044 omnium

125 2074 552 2127 Christianorum
605 2082 814 2144 patrem
866 2094 925 2127 ac
979 2076 1256 2128 doctorem
1296 2077 1558 2141 existere3
1612 2081 1664 2128 et
1714 2077 1814 2144 ipsi
1864 2077 1918 2127 in
1971 2076 2128 2127 beato
2169 2077 2333 2127 Petro

124 2159 412 2227 pascendi,
469 2159 695 2227 regendi
749 2176 810 2211 ac
861 2159 1201 2227 gubernandi
1256 2159 1617 2211 universalem
1668 2160 1968 2210 Ecclesiam
2021 2178 2050 2210 a
2101 2159 2333 2211 Domino

125 2247 306 2294 nostro
346 2242 469 2294 Iesu
511 2242 725 2294 Christo
766 2243 982 2312 plenam
1023 2248 1347 2312 potestatem
1389 2243 1642 2295 traditam
1684 2261 1799 2295 esse
1829 2243 1865 2294 ὃ.

271 2324 367 2393 [2.]
410 2326 555 2377 Huic
583 2326 838 2394 pastorali
866 2327 1074 2377 muneri
1103 2331 1162 2377 ut
1190 2327 1566 2378 satisfacerent
1591 2326 1624 2390 ⁷,
1667 2326 2122 2378 Praedecessores
2151 2325 2335 2377 Nostri

123 2409 452 2461 indefessam
482 2428 696 2478 semper
726 2427 946 2479 operam
977 2410 1262 2475 dederunt,
1301 2416 1360 2462 ut
1395 2411 1643 2462 salutaris
1671 2410 1869 2462 Christi
1910 2409 2153 2461 doctrina
2192 2410 2335 2477 apud

269 2578 316 2636 a)
357 2579 433 2625 Ex
481 2579 698 2626 formula
736 2580 781 2626 S.
818 2581 1119 2628 Hormisdae
1157 2581 1351 2641 Papae,
1404 2585 1554 2642 prout
1592 2584 1652 2628 ab
1691 2581 1949 2627 Hadriano
1987 2580 2056 2626 II.
2094 2580 2332 2627 Patribus

125 2653 339 2701 Concilii
376 2654 698 2702 Oecumenici
734 2656 905 2715 VIII„
944 2656 1493 2717 Constantinopolitani
1535 2657 1646 2714 [V.‚
1683 2656 1941 2717 proposita
1978 2660 2026 2702 et
2062 2657 2124 2702 ab
2161 2656 2335 2702 iisdem

124 2731 410 2791 subscripta
446 2735 536 2777 est.
608 2728 783 2788 [Hard.
823 2730 876 2778 C.
915 2731 968 2779 C.
1008 2732 1068 2789 V,
1109 2734 1199 2778 773
1237 2732 1331 2793 sq]

276 2855 289 2881 ¹
327 2855 401 2902 De
426 2856 589 2902 tribus
615 2855 751 2901 hisce
772 2855 1111 2903 Conciliorum
1138 2856 1438 2903 testimoniis
1464 2872 1507 2902 v.
1534 2872 1687 2916 supra
1712 2871 1818 2916 cap.
1840 2856 1907 2902 ΙΙ.
1934 2860 2199 2902 comment.
2218 2855 2335 2902 VH.

122 2947 169 2992 p.
211 2932 300 2977 165
338 2946 444 2992 sqq.
514 2929 696 2976 Utrum
750 2931 811 2977 dc
863 2931 968 2978 solo
1016 2932 1243 2978 Primatu
1294 2948 1357 2977 an
1407 2932 1557 2978 etiam
1609 2932 1667 2978 de
1719 2932 2078 2979 infallibilitate
2124 2932 2336 2978 Romani

122 3006 380 3053 Pontificis
417 3010 592 3067 agant,
629 3023 673 3052 v.
712 3007 830 3053 ibid.
867 3023 912 3067 p.
955 3009 1039 3053 171
1082 3023 1153 3069 sq.
1223 3007 1406 3054 Utrum
1457 3007 1516 3053 de
1552 3007 1915 3055 infallibilitate
1951 3007 2206 3054 Romanae
2243 3007 2335 3054 Ec-

124 3083 304 3130 clesiae
341 3099 404 3130 an
441 3083 654 3130 Romani
691 3083 964 3142 Pontificis,
1003 3100 1046 3130 v.
1084 3084 1201 3131 ibid.
1239 3101 1285 3145 p.
1328 3086 1432 3131 172.

268 3158 284 3185 ²
320 3159 395 3205 De
431 3159 646 3216 ratione,
682 3174 811 3220 quae
847 3160 979 3206 inter
1014 3160 1316 3207 Hormisdae
1352 3160 1618 3207 formulam
1659 3166 1706 3206 et
1742 3160 1986 3207 Hadriani
2023 3161 2092 3206 II.
2128 3161 2177 3206 in
2208 3160 2336 3208 Con-

123 3235 235 3281 cilio
274 3234 838 3296 Constantinopolitano
876 3236 965 3282 IV.
1016 3237 1236 3283 oblatam
1285 3237 1567 3283 intercedat
1615 3240 1665 3282 et
1701 3237 1781 3282 cui
1832 3236 2101 3282 tribuenda
2137 3236 2201 3282 sit
2236 3236 2334 3282 for-

122 3311 274 3370 mula,
309 3327 354 3357 v.
393 3311 512 3359 ibid.
550 3328 594 3373 p.
637 3313 725 3357 166
765 3327 836 3372 sq.
907 3312 981 3357 De
1019 3312 1125 3358 eius
1163 3328 1314 3358 sensu
1351 3329 1394 3357 v.
1432 3312 1550 3360 ibid.
1590 3329 1634 3373 p.
1677 3314 1763 3358 169
1802 3328 1874 3373 sq.
1917 3314 2021 3359 173.

270 3385 285 3412 ³
322 3387 398 3432 De
444 3402 595 3434 sensu
642 3387 792 3433 huius
843 3387 938 3433 loci
986 3388 1048 3433 cf.
1095 3388 1214 3435 ibid.
1262 3404 1305 3448 p.
1349 3390 1437 3434 169
1475 3404 1547 3449 sq.
1617 3386 1692 3434 Cf.
1745 3404 1895 3449 supra
1943 3404 2048 3449 cap.
2086 3389 2151 3434 ΙΙ.
2204 3404 2335 3435 com-

123 3469 275 3511 ment.
312 3465 380 3510 ΙΙ.
417 3480 463 3525 p.
505 3466 609 3510 131.
652 3466 739 3510 133
778 3480 884 3526 sqq.

269 3537 287 3564 4
321 3539 454 3585 Num
492 3539 709 3586 formula
734 3541 856 3586 haec
890 3556 918 3586 a
945 3539 1166 3586 Concilio
1193 3540 1346 3586 fuerit
1372 3540 1667 3601 approbata,
1706 3557 1750 3587 v.
1778 3556 1929 3601 supra
1967 3557 2071 3601 cap.
2105 3542 2166 3588 II.
2204 3557 2335 3588 com-

124 3618 276 3661 ment.
314 3614 432 3661 VH.
470 3630 516 3675 p.
558 3616 647 3661 168
686 3630 759 3676 sq.
800 3616 889 3661 173
928 3632 1001 3677 sq.
1179 3615 1194 3641 ⁵
1233 3615 1306 3662 Cf.
1345 3616 1462 3662 ibid.
1500 3632 1545 3676 p.
1589 3618 1694 3662 172.

267 3689 283 3716 ⁶
321 3690 452 3735 Num
500 3690 625 3737 haec
671 3691 874 3737 valeant
911 3692 970 3737 ad
1009 3692 1286 3738 doctrinam
1327 3691 1699 3738 infallibilitatis
1735 3693 2074 3752 probandam,
2123 3708 2167 3739 v.
2214 3692 2331 3739 ibid.

123 3780 170 3825 p.
211 3767 300 3811 174
336 3781 408 3827 sq.

268 3839 283 3866 ⁷
322 3841 397 3887 De
431 3841 508 3887 his
546 3841 709 3888 tribus
746 3843 1075 3904 paragraphis
1124 3846 1299 3903 postea
1349 3859 1408 3889 ex
1458 3854 1572 3889 voto
1611 3843 1817 3890 Patrum
1868 3843 2052 3890 additis
2098 3860 2143 3890 v.
2182 3859 2332 3905 supra

126 3931 232 3977 cap.
270 3915 308 3962 I.
344 3916 571 3963 Historia
607 3922 700 3964 etc.
740 3933 783 3978 p.
825 3919 929 3964 120.
