2548 4290
472 200 716 243 Comment.
747 199 805 240 ΙΙ.
862 200 930 240 De
961 200 1267 253 possibilitate
1298 201 1442 239 natur.
1478 199 1749 251 cognitionis
1780 198 1879 238 Dei.
2218 194 2288 245 35

69 343 448 398 certitudinem
490 342 555 395 de
598 341 916 394 exsistentia
942 341 1064 409 Dei,
1105 341 1207 392 nisi
1234 341 1469 409 primum
1499 340 1766 393 habeatur
1805 341 1899 392 illa
1938 339 2044 392 fide
2087 338 2289 391 divina.

69 428 544 481 Traditionalistae
594 426 752 476 huius
803 425 1021 494 generis
1072 424 1421 476 nominantur
1474 425 1694 492 proprio
1749 424 1969 476 nomine
2024 421 2288 488 fideistae,

67 529 161 564 seu
201 516 437 579 systema
474 509 690 561 illorum
732 509 929 559 dicitur
968 509 1131 560 etiam
1171 507 1656 559 traditionalismus
1697 507 1929 560 crudior.
1973 549 1983 560 .

216 594 402 661 „Haec
430 593 676 645 doctrina
696 591 1135 644 traditionalismi
1156 590 1418 642 crudioris
1442 595 1589 643 certe
1619 591 1836 642 omnino
1861 596 1941 642 est
1964 589 2288 655 damnanda,

67 679 205 731 sicut
242 679 347 730 iam
389 676 642 728 damnata
670 681 776 728 est:
818 693 941 727 nam
984 693 1082 745 per
1120 675 1285 726 talem
1327 674 1628 726 doctrinam
1660 674 1912 726 evellitur
1951 675 2128 743 ipsum
2168 673 2289 725 fun-

69 763 379 814 damentum
418 759 543 811 fidei
583 765 830 825 nostrae,
887 758 1152 811 certitudo
1195 757 1262 809 de
1303 758 1623 810 exsistentia
1663 757 1793 822 Dei3
1850 762 1903 808 et
1955 775 2051 827 pro
2092 758 2290 809 nostris

70 844 331 914 imprimis
371 842 706 911 temporibus
747 859 831 894 res
870 842 972 893 ista
1013 840 1206 892 summi
1247 840 1506 891 momenti
1549 846 1644 892 est.

215 926 430 992 „Nostis
471 926 641 991 enim,
690 925 812 976 Rffii
852 924 1070 990 PatreS,
1127 940 1394 991 quaenam
1436 924 1617 991 opinio
1670 923 1961 975 invaluerit
2001 923 2055 973 in
2096 922 2289 973 animis

69 1010 360 1061 multorum
398 1009 676 1061 hominum
719 1008 844 1059 inde
885 1025 915 1059 a
956 1007 1029 1059 sic
1069 1006 1224 1058 dictis
1266 1006 1756 1076 encyclopaedistis
1799 1006 2029 1071 Galliae,
2069 1011 2123 1057 et
2162 1005 2289 1057 inde

67 1093 134 1145 ab
175 1093 328 1145 initio
369 1091 744 1162 philosophiae
787 1092 1001 1143 criticae
1042 1091 1095 1141 in
1139 1090 1462 1142 Germania:
1516 1091 1699 1158 opinio
1753 1091 1959 1142 scilicet
1998 1090 2053 1141 in
2094 1090 2290 1141 multo-

68 1195 183 1229 rum
226 1177 416 1228 animis
452 1176 697 1241 invaluit,
740 1175 1112 1227 exsistentiam
1142 1174 1247 1225 Dei
1277 1175 1494 1225 omnino
1535 1179 1681 1226 certo
1724 1192 1831 1226 non
1873 1192 2028 1243 posse
2070 1173 2289 1243 probari

68 1261 228 1313 certis
268 1259 619 1329 argumentiS,
662 1264 714 1311 et
755 1264 1076 1327 argumenta
1115 1257 1225 1323 illa,
1269 1275 1406 1326 quae
1434 1262 1585 1309 tanto
1626 1258 1679 1308 in
1720 1259 1926 1309 honore
1969 1258 2111 1309 omni
2154 1263 2289 1308 tem-

69 1361 197 1413 pore
226 1344 411 1395 habita-
437 1348 577 1407 sunt,
606 1361 714 1395 non
744 1359 859 1394 esse
887 1342 1034 1406 talia,
1065 1359 1201 1410 quae
1227 1358 1343 1392 rem
1371 1341 1622 1393 evincere
1654 1342 1876 1410 possint.
1929 1341 2066 1393 Inde
2101 1341 2288 1410 utique

68 1427 269 1480 factum
308 1432 404 1492 est,
445 1426 588 1496 quod
627 1426 820 1495 religio
861 1426 978 1495 ipsa
1017 1430 1205 1494 utpote
1249 1424 1605 1476 fundamento
1648 1443 1835 1477 carens
1876 1425 2155 1494 despectui
2195 1425 2289 1476 ha-

65 1510 309 1576 beretur3
359 1511 466 1563 imo
506 1528 592 1562 res
632 1510 826 1561 nostris
867 1509 1203 1577 temporibus
1254 1509 1543 1560 novissime
1586 1526 1649 1560 eo
1693 1510 1937 1569 devenit,
1990 1515 2049 1560 ut
2088 1509 2288 1577 passim

65 1594 307 1646 homines
346 1595 401 1646 in
451 1612 513 1646 eo
564 1595 696 1659 sint,
748 1593 1018 1645 avellendi
1060 1592 1358 1644 doctrinam
1412 1592 1672 1644 moralem
1726 1592 1791 1644 ab
1846 1593 1989 1644 omni
2042 1593 2289 1644 doctrina

64 1677 359 1746 religioniS,
400 1676 646 1741 dicend0,
691 1676 791 1727 hoc
826 1677 1044 1727 omnino
1074 1676 1437 1728 necessarium
1479 1693 1612 1740 esse,
1655 1693 1721 1726 ne
1762 1676 1940 1744 homo,
1983 1693 2102 1726 eum
2143 1680 2289 1744 post-

65 1760 302 1826 modum,
344 1765 522 1812 aetate
564 1760 900 1830 proficiente,
941 1759 1124 1811 videat
1164 1760 1217 1810 in
1246 1759 1511 1827 religione
1541 1760 1673 1810 nihi]
1707 1761 1838 1811 certi
1881 1759 2068 1811 haberi
2110 1778 2286 1829 posse,

65 1860 240 1912 neque
280 1844 452 1913 ipsam
495 1844 867 1895 exsistentiam
909 1842 1043 1907 Dei,
1096 1860 1162 1893 ne
1203 1841 1382 1910 home,
1425 1842 1573 1909 dico,
1617 1843 1669 1893 in
1713 1844 2035 1911 pravitatem
2078 1861 2285 1894 morum

67 1926 383 1979 collabatur.
462 1926 570 1979 Sed
610 1927 806 1993 nostis,
848 1926 968 1977 Rffii
1009 1926 1217 1991 PatreS,
1261 1931 1527 1995 ‚quantum
1569 1926 1750 1978 valeat
1790 1927 2097 1978 huiusmodi
2138 1927 2287 1979 insti-

63 2011 199 2062 tutio
241 2010 476 2076 moralis,
520 2010 670 2061 cuius
710 2009 1037 2079 principium
1076 2028 1185 2061 non
1227 2016 1307 2061 est
1346 2010 1480 2061 illud
1520 2010 1908 2062 Psalmistae11
1953 2012 2168 2062 Initium
2210 2029 2291 2063 sa-

59 2094 282 2160 pientiae
319 2095 470 2145 timor
508 2093 767 2145 ])om2'72i.“

211 2176 402 2245 Itaque
457 2177 591 2229 haec
643 2176 857 2229 crudior
910 2177 1344 2228 traditionalismi
1397 2178 1602 2246 speeies
1655 2179 1928 2229 conciliari
1973 2163 2289 2232 definitione

66 2265 120 2312 et
174 2277 381 2312 canone
439 2260 795 2328 reprobatur,
861 2261 915 2312 id
971 2261 1115 2330 quod
1169 2261 1330 2312 etiam
1389 2262 1530 2313 lecta
1585 2262 1699 2313 sola
1752 2262 2066 2315 definitione
2131 2264 2289 2316 intel-

63 2342 266 2412 ligitur.
343 2342 535 2412 Neque
578 2344 720 2394 enim
761 2343 934 2395 solum
989 2345 1225 2395 naturale
1265 2344 1489 2396 rationis
1541 2345 1724 2396 lumen
1777 2346 1980 2397 homini
2034 2347 2285 2399 sufficere

66 2426 290 2493 dicitur,
343 2432 402 2478 ut
441 2427 619 2478 Deum
673 2432 820 2478 certo
875 2433 1192 2495 cognoseat,
1248 2428 1341 2479 sed
1393 2429 1517 2478 huic
1570 2430 1806 2479 maturalc'
1855 2430 2031 2481 Deum
2087 2449 2284 2499 cogno-

64 2509 248 2561 scendi
288 2510 408 2561 viae
450 2511 740 2579 opponitur
774 2511 935 2562 etiam
977 2516 1233 2579 tanquam
1274 2513 1686 2579 supernaturalis
1714 2513 1799 2563 via
1838 2515 2080 2565 revelatio.
2131 2516 2286 2568 Haec

63 2592 229 2660 igitur
277 2593 474 2645 diserte
524 2593 726 2645 homini
779 2593 845 2644 ad
897 2593 1073 2645 Deum
1128 2599 1274 2645 certo
1324 2595 1761 2664 cognoscendum
1816 2615 1921 2648 non
1980 2600 2285 2651 necessaria

66 2692 181 2727 esse
223 2674 433 2726 dicitur.

209 2758 310 2809 His
350 2763 500 2828 patet
539 2759 717 2824 etiam,
758 2760 908 2811 reiici
934 2761 1273 2824 sententiam,
1317 2760 1385 2811 ad
1413 2761 1678 2813 rationem
1721 2768 1867 2814 recte
1907 2764 2285 2832 evolvendam,

64 2845 123 2892 ut
160 2841 340 2893 Deum
381 2847 526 2892 certo
569 2859 896 2910 cognoscere
937 2844 1133 2912 possit,
1174 2844 1375 2912 requiri
1415 2844 1828 2908 institutionem,
1869 2864 1996 2915 quae
2033 2849 2286 2900 revelatio-

62 2941 174 2976 nem
212 2929 478 2992 supponat.
528 2924 611 2976 De
654 2925 1051 2977 conditionibus
1093 2927 1329 2995 quidem,
1372 2944 1508 2995 quae
1550 2928 1710 2978 alicui
1739 2931 2075 2982 necessariae
2111 2932 2284 2983 videri

64 3007 287 3075 possint,
328 3013 387 3058 ut
426 3008 563 3060 ratio
604 3014 751 3060 recte
793 3009 1093 3075 evolvatur,
1136 3010 1269 3061 nihil
1297 3010 1464 3062 habet
1494 3010 1721 3062 Concilii
1751 3012 2047 3065 decretum.
2097 3015 2286 3080 „Atta-

64 3090 242 3157 men“,
283 3095 343 3141 ut
382 3091 535 3142 aiunt
573 3091 815 3159 theologi
843 3093 896 3142 in
926 3093 1366 3144 adnotationibus
1408 3095 1666 3146 schemati
1710 3096 1775 3147 de
1819 3096 2063 3148 doctrina
2102 3099 2285 3151 catho-

4 3228 7 3230 ,
63 3172 169 3224 lica
194 3172 434 3238 adiectiS,
479 3175 602 3242 „qui
632 3174 942 3240 affirmaret,
980 3175 1338 3227 sufficientem
1365 3195 1519 3228 usum
1548 3178 1787 3244 rationiS,
1829 3185 1888 3231 ut
1917 3181 2075 3232 homo
2106 3183 2286 3234 valeat

65 3254 245 3306 Deum
285 3273 383 3324 per
424 3261 696 3308 creaturas
738 3275 1080 3325 cognoscere,
1122 3277 1395 3327 nunquam
1440 3278 1594 3329 posse
1638 3261 1868 3313 obtineri
1910 3264 2007 3314 nisi
2050 3282 2147 3332 per
2188 3265 2284 3315 im-

69 3338 361 3390 mediatam
400 3340 488 3390 vel
528 3340 781 3391 traditam
817 3343 1164 3393 revelationem
1204 3343 1262 3393 de
1298 3343 1435 3408 DeO,
1485 3344 1537 3394 h.
1579 3362 1654 3411 e.,
1707 3347 1795 3413 qui
1830 3347 2151 3414 affirmaret,
2191 3367 2284 3400 ne-

66 3421 349 3472 cessariam
406 3423 770 3475 conditionem
818 3424 886 3475 ad
926 3443 1078 3476 usum
1120 3426 1343 3477 rationis
1384 3427 1716 3480 sufficienter
1757 3430 2119 3482 evolvendum
2174 3450 2281 3484 non

66 3504 499 3573 qualemcunque
553 3523 669 3557 esse
722 3506 1066 3558 traditionem
1110 3513 1163 3559 et
1202 3509 1624 3576 institutionem,
1682 3512 1775 3563 sed
1817 3514 2132 3564 nominatim
2176 3521 2281 3565 tra-

68 3586 233 3638 ditam
287 3588 630 3640 revelationem
689 3589 748 3641 de
801 3592 1085 3641 eoese'steoztz'a
1137 3591 1271 3642 Dei:
1334 3592 1377 3643 is
1435 3593 1680 3662 profecto
1738 3596 1899 3647 etiam
1965 3596 2279 3663 affirmaret,

66 3671 333 3721 rationem
374 3670 662 3723 humanam
716 3691 830 3725 esse
882 3675 956 3725 ita
997 3680 1394 3743 comparatam,
1453 3683 1510 3727 ut
1562 3695 1660 3728 72on
1703 3681 1864 3746 possit
1906 3683 2169 3747 pervenire
2212 3684 2280 3734 ad

67 3753 433 3820 cognitionem
472 3752 577 3804 Dei
628 3772 723 3823 per
775 3773 867 3821 ea,
922 3774 1058 3825 quae
1109 3756 1250 3809 facta
1305 3764 1458 3824 sunt,
1517 3762 1760 3827 quamvis
1814 3762 2043 3813 eandem
2096 3767 2280 3832 cogni-

1866 4019 1889 4057 3
1906 4015 1930 4041 *¹-
