2548 4290
188 141 297 192 210
374 141 490 182 Pars
516 140 575 180 ΙΙ.
622 138 778 181 Const.
813 138 869 180 de
900 138 1026 189 Eccl.
1084 139 1195 194 Cap.
1221 139 1304 179 ΙΙΙ.
1347 138 1458 192 Ipsa
1491 136 1772 181 Constitutio
1807 152 1910 181 cum
1942 140 2333 186 adnotationibus.

189 290 338 338 tificis
364 287 681 336 inerrantiae
720 301 836 333 seu
834 286 1000 348 'pleno
1014 287 1147 348 fidei
1167 287 1389 349 obsequio
1416 286 1720 349 excipienda
1746 287 1824 336 et
1821 305 1856 386 Ι
1845 288 2195 338 assistentiam
2220 290 2462 354 divinam,

186 361 574 412 infallibilitatis
603 375 811 423 praero-
833 359 1085 408 *tenenda
1112 376 1241 408 esse
1291 359 1547 416 Quoniam
1574 376 1697 409 vero
1723 361 1798 408 in-
1821 363 1942 436 !ip⁸i
1992 364 2043 411 in
2102 364 2255 413 beato
2308 364 2464 415 Petro

184 437 414 499 gativam
452 435 517 482 ad
553 434 689 482 idem
722 435 835 483 ob-
832 414 1146 494 fallibilitas
1174 435 1353 482 eadem
1388 438 1482 494 est,
1520 434 1628 482 sive
1656 449 1822 497 spec·
1821 437 2165 524 promissam,
2193 453 2255 485 ea
2278 439 2466 487 infalli-

184 511 376 558 iectum
446 507 671 571 porrigi,
744 496 834 572 0(1
860 512 1000 556 tetur
1037 509 1089 555 in
1126 508 1359 555 Romano
1393 507 1649 556 Pontifice
1685 512 1797 556 tan·
1821 492 2047 562 bilitate
2083 511 2311 573 pollere,
2365 527 2468 575 qua

187 583 325 646 quod
349 582 691 630 infallibilitas
714 576 833 630 Ec-
831 597 1013 664 quam
1052 583 1220 644 capite
1258 582 1551 643 Ecclesiae,
1602 582 1708 630 sive
1743 582 1822 629 in
1845 585 2047 632 divinus
2150 585 2466 649 Redemptor

184 657 344 706 lesiae
383 656 698 704 extenditur.
831 656 1100 703 universa
1137 656 1372 704 Ecclesia
1421 656 1641 704 docente
1678 655 2130 706 cum³Ecclesiam
2150 675 2294 707 suam
2312 676 2364 707 in
2384 660 2468 708 de-

858 730 1027 792 capite
1076 730 1250 796 unita,
1299 731 1512 793 insuper
1551 728 1665 790 [ΙΙ.]
1711 730 1797 778 de·
1842 731 2067 780 finienda
2118 733 2355 781 doctrina
2405 733 2468 783 de

855 804 1092 863 finimus,
1168 804 1300 851 hanc
1371 803 1941 854 infallibilitatemfide
1987 806 2069 855 vel
2116 807 2348 857 moribus
2395 808 2469 856 in-

858 879 1010 925 etiam
1051 877 1117 926 ad
1156 894 1315 925 unum
1352 878 1593 940 idemque
1627 876 1795 926 obiec-
1844 883 2096 928 structam
2138 896 2250 929 esse
2286 882 2466 930 voluit.

830 960 966 999 >tum
1005 967 1117 1000 sese
1155 951 1457 1000 extendere.

333 1062 522 1115 Unum
561 1063 763 1115 iuverit
805 1062 1119 1114 addidisse:
1163 1062 1217 1114 in
1262 1061 1478 1114 duabus
1517 1062 1708 1131 primis
1736 1061 1989 1115 formulis
2018 1061 2145 1131 duo,
2186 1064 2244 1116 in
2273 1064 2467 1118 ultima

185 1147 401 1200 definiri
443 1167 632 1202 unum.
686 1147 753 1200 In
794 1148 902 1200 illis
944 1148 1091 1201 enim
1135 1147 1396 1201 definitur
1426 1146 1539 1216 [I.],
1584 1147 1874 1201 Summum
1902 1147 2235 1202 Pontificem
2275 1151 2330 1203 in
2373 1150 2465 1204 de·-

184 1234 442 1287 finiendis
483 1234 650 1287 rebus
693 1233 824 1286 fidei
865 1239 920 1286 et
956 1252 1174 1286 morum
1205 1233 1335 1300 (vel,
1378 1244 1439 1285 ut
1479 1234 1536 1285 in
1576 1233 1752 1287 altera
1795 1239 1893 1301 est,
1935 1234 1992 1286 in
2031 1234 2198 1288 rebus
2239 1235 2347 1289 fide
2389 1236 2467 1289 di·-

183 1320 313 1373 vina
354 1320 668 1388 credendis)
711 1320 1064 1372 infallibilem
1106 1337 1242 1386 esse,
1287 1326 1341 1372 et
1385 1317 1533 1388 [II.]‚
1576 1320 1694 1372 eius
1735 1319 2147 1373 infallibilitatis
2188 1320 2460 1375 obiectum

183 1413 296 1458 tam
348 1407 458 1459 late
516 1412 707 1477 patere
769 1424 934 1476 quam
990 1405 1269 1458 obiectum
1321 1405 1734 1458 infallibilitatis
1788 1405 2088 1459 Ecclesiae.
2177 1406 2244 1459 In
2304 1407 2461 1460 tertia

184 1497 372 1545 autem
411 1492 652 1546 formula
693 1511 864 1544 unum
905 1492 1009 1545 hoc
1052 1491 1328 1556 definitur,
1374 1491 1662 1544 Summum
1691 1491 2022 1545 Pontificem
2060 1492 2116 1544 in
2146 1492 2310 1546 rebus
2337 1493 2463 1547 fidei

185 1583 239 1631 et
281 1597 496 1631 morum
538 1578 735 1632 eadem
775 1569 1176 1630 infallibilitate
1220 1577 1452 1647 pollere,
1498 1595 1606 1648 qua
1646 1577 1899 1630 Ecclesia
1938 1578 1995 1630 in
2036 1577 2200 1631 rebus
2240 1578 2371 1632 fidei
2412 1583 2464 1632 et

184 1683 398 1717 morum
453 1666 719 1718 instructa
761 1671 873 1732 cst,
930 1665 1008 1716 ita
1063 1669 1153 1730 ut,
1211 1664 1255 1716 si
1307 1681 1379 1717 ex
1435 1663 1538 1716 hac
1581 1663 1903 1717 definitione
1956 1681 2153 1717 eruere
2194 1664 2465 1733 volumus,

185 1770 471 1823 quousque
524 1752 890 1805 infallibilitas
934 1751 1144 1804 Summi
1186 1751 1474 1804 Pontificis
1528 1768 1585 1803 se
1640 1750 1940 1817 extendat,
1999 1750 2056 1803 id
2107 1751 2260 1822 prius
2301 1769 2466 1822 quae-

183 1856 306 1891 rere
350 1838 671 1904 debeamuS,
715 1855 1001 1908 quousque
1045 1854 1103 1889 se
1147 1836 1416 1890 extendat
1456 1836 1743 1889 Ecclesiae
1785 1835 2173 1889 infallibilitas.

853 2281 1206 2353 CAPUT
1271 2282 1801 2353 TERTIUM.

183 2444 311 2517 Ipsa
358 2444 692 2499 Constitutio
736 2443 1056 2514 dogmatica
1099 2442 1278 2514 prima
1303 2441 1320 2473 1
1364 2441 1431 2496 (le
1475 2440 1729 2497 Ecclesia
1763 2440 1968 2496 Christi
2009 2439 2467 2496 adnotationibus

1025 2533 1294 2589 subiectis
1337 2532 1636 2605 explicata.

278 2774 405 2833 Pius
447 2775 750 2850 Episcopus
793 2773 1003 2833 Servus
1046 2773 1342 2833 Servorum
1382 2775 1502 2848 Dei,
1547 2791 1706 2834 sacro
1749 2773 2085 2851 approbante
2128 2772 2379 2848 Concilio,

847 2863 915 2923 ad
955 2863 1279 2941 perpetuam
1318 2865 1400 2924 rei
1439 2863 1755 2925 memoriam
1774 2865 1810 2925 ².

336 2993 535 3046 Pastor
577 2998 838 3046 aeternus
870 3000 924 3046 et
954 2994 1248 3064 episcopus
1276 2994 1588 3046 animarum
1617 2999 1930 3046 nostrarum
1951 2990 1988 3059 3,
2029 2996 2091 3044 ut
2118 2989 2468 3044 salutiferum

187 3079 588 3150 redemptionis
632 3097 768 3150 opus
811 3097 1058 3150 perenne
1100 3079 1380 3147 redderet,
1421 3085 1669 3133 sanctam
1710 3079 2003 3132 aedificare
2031 3076 2339 3130 Ecclesiam
2376 3076 2469 3129 de-

188 3165 394 3232 crevit,
447 3165 503 3217 in
546 3183 654 3235 qua
694 3165 869 3217 veluti
910 3165 967 3217 in
1010 3165 1173 3218 domo
1217 3165 1324 3217 Dei
1367 3166 1605 3219 viventis
1657 3164 1852 3217 fideles
1906 3180 2095 3216 omnes
2136 3161 2299 3214 unius
2340 3160 2470 3214 fidei

341 3355 354 3381 1
394 3354 456 3402 V.
498 3370 655 3417 supra
690 3370 801 3416 cap.
842 3355 882 3401 Ι.
919 3353 1154 3402 Historia
1192 3357 1289 3402 etc.
1327 3370 1374 3416 p.
1419 3355 1527 3401 110.

338 3433 354 3460 ²
394 3432 470 3480 Of.
511 3432 902 3480 adnotationem
942 3433 1006 3480 ad
1044 3432 1249 3480 initium
1288 3430 1692 3480 Constitutionis
1730 3431 1792 3478 de
1829 3428 1944 3489 fide,
1984 3444 2142 3491 supra
2180 3444 2227 3491 p.
2268 3430 2346 3476 70.

339 3510 354 3537 3
392 3511 454 3557 In
492 3511 588 3558 hoc
642 3511 962 3572 prooemium
1013 3510 1263 3573 quadrat,
1319 3509 1456 3572 quod
1505 3507 1735 3570 theologi
1781 3507 1929 3554 initio
1980 3506 2162 3570 capitis
2210 3504 2469 3553 undecimi

188 3589 395 3652 pristini
422 3589 701 3636 schematis
729 3589 792 3637 de
817 3588 1053 3636 Ecclesia
1080 3589 1405 3636 adiecerant:
1447 3625 1489 3648 „.
1509 3624 1518 3634 .
1542 3625 1551 3634 .
1579 3585 1899 3649 prooemium
1925 3585 2185 3647 integrum
2214 3583 2325 3631 fere
2353 3597 2469 3630 con-

191 3671 292 3715 stat
331 3683 396 3715 ss.
434 3666 730 3714 Literarum
769 3666 944 3713 incisis
981 3682 1041 3713 ac
1079 3665 1383 3727 phrasibus,
1439 3663 1627 3727 quibus
1663 3662 1923 3710 indicatur
1961 3665 2121 3724 atque
2158 3660 2469 3709 describitur

189 3749 300 3792 tum
337 3745 475 3792 illius
512 3743 814 3805 [Primatus]
855 3747 1038 3792 auctor
1077 3759 1167 3791 seu
1204 3743 1491 3803 institutor,
1528 3740 1779 3789 Dominus
1815 3743 1994 3788 noster
2025 3740 2174 3787 Iesus
2212 3738 2467 3798 Christus,

192 3828 242 3871 et
281 3823 487 3885 quidem
539 3837 631 3884 pro
672 3837 731 3869 co
769 3837 1012 3882 munere,
1064 3821 1202 3884 quod
1238 3821 1534 3868 institutum
1574 3818 1813 3866 Christus
1860 3818 2026 3865 voluit
2074 3818 2125 3864 in
2161 3817 2273 3879 ipso
2309 3815 2466 3864 Petro

190 3901 353 3947 veluti
391 3900 469 3946 sui
507 3900 729 3962 vicario,
782 3903 892 3947 tum
929 3899 1273 3947 institutionis
1311 3899 1444 3946 ratio
1481 3912 1541 3945 ac
1579 3912 1738 3944 causa
1773 3895 1955 3955 finalia
1995 3901 2105 3944 tum
2143 3895 2251 3942 eius
2288 3907 2469 3956 perpe-

191 3977 367 4038 tuitas,
408 3977 615 4039 propria
651 3978 728 4025 vis
767 3993 827 4024 ac
865 3974 1100 4025 natura.“
1177 3976 1416 4035 (Schema
1455 3979 1552 4023 etc.
1624 3973 1679 4022 O.
1717 3972 1779 4020 V.
1818 3974 1976 4022 6110.
2004 3972 2072 4032 (1.)
