2548 4290
275 147 521 190 Comment.
552 149 636 190 IX.
693 149 886 191 Concilii
918 149 1116 192 definitio
1151 151 1206 193 de
1237 152 1410 193 obiecto
1444 152 1785 195 infallibilitatis
1817 155 2088 208 pontificiae.
2190 156 2294 206 205

55 291 427 346 fallibilitatis
475 293 528 344 in
578 292 982 346 definitionibus
1021 294 1255 347 Romani
1293 295 1573 348 Pontificis
1624 298 1840 349 omnino
1892 298 2036 350 idem
2075 298 2295 350 creden-

7 381 15 419 ῑ
55 370 214 435 'sdum
269 392 418 442 esse,
475 375 620 444 quod
671 375 909 428 creditur
961 376 1026 428 de
1079 378 1292 430 obiecto
1343 378 1742 431 infallibilitatis
1791 381 1847 432 in
1892 380 2295 433 definitionibus

63 456 378 511 Ecclesiae.

53 605 56 610 f
232 539 403 605 „Hinc
436 557 676 608 praesens
713 541 939 609 definitio
977 542 1038 593 de
1075 542 1250 594 obiecto
1286 543 1672 612 infallibilitatis
1710 545 1840 596 (luas
1886 546 2094 597 continet
2128 551 2296 614 partes
2373 598 2379 605 ,

49 649 58 656 2
83 623 213 675 inter
246 640 295 674 se
331 624 506 675 intime
540 641 709 676 nexas.
784 624 920 676 Pars
965 626 1116 693 prior
1154 626 1392 677 obiectum
1439 627 1825 694 infallibilitatis
1875 629 2037 680 solmn
2072 631 2296 697 qenerice

50 736 64 759 <
82 708 319 771 enuntiat,
358 706 490 757 illud
527 725 700 775 nempe
738 725 836 760 esse
873 708 1155 760 doctrinam
1197 708 1257 760 de
1284 709 1398 777 fide
1434 716 1477 762 et
1514 711 1773 776 moribns;
1816 729 1950 779 pars
1986 729 2097 763 vero
2136 713 2296 764 altera

80 788 167 842 hoc
202 788 440 841 obiectum
478 807 577 841 non
614 791 818 859 quidem
848 808 944 859 per
979 792 1183 859 sinyula
1220 792 1443 844 distincte
1481 793 1729 858 declarat,
1785 794 1871 846 sed
1907 794 2039 846 illud
2077 797 2295 847 circam-

58 867 60 869 ¹
79 872 250 924 scribit
286 889 346 923 ac
382 873 681 925 determinat
709 892 808 941 per
844 876 1270 943 comparationem
1322 893 1437 926 cnm
1476 876 1841 942 infallibilitate
1891 879 1948 929 in
1986 877 2295 942 definitioni-

52 988 54 990 ·
81 954 174 1007 bus
206 955 468 1022 Ecclesiae,
507 957 630 1008 acleo
669 963 725 1008 nt
765 959 969 1009 omnino
1006 958 1138 1009 idem
1187 958 1533 1026 profitendum
1571 962 1635 1010 sit
1683 960 1742 1011 cle
1779 961 1955 1012 obiecto
2007 961 2294 1028 infallibili-

6 1049 45 1073 ³“
77 1039 193 1090 tatis
239 1039 296 1090 in
345 1039 726 1106 definitionibus
762 1039 908 1092 editis
944 1058 978 1091 a
1015 1041 1287 1106 Pontifice,
1337 1042 1473 1111 qnod
1514 1044 1867 1110 profitendam
1916 1049 1984 1095 est
2021 1044 2080 1095 cle
2115 1044 2293 1096 obiecto

78 1121 461 1189 infallibilitatis
507 1124 564 1175 in
613 1123 992 1191 definitionibus
1028 1124 1289 1177 Ecclesiae.
1366 1125 1487 1177 Hae
1540 1126 1678 1178 duae
1725 1133 1906 1196 partes
1946 1145 2159 1196 semper
2199 1128 2289 1179 de-

55 1204 210 1257 rbent
248 1206 389 1258 inter
427 1223 485 1259 se
536 1208 819 1275 coniungi,
872 1209 910 1259 si
965 1225 1152 1259 sensus
1193 1217 1407 1260 nostrae
1450 1210 1776 1262 definitionis
1825 1227 1985 1263 verus
2025 1212 2159 1263 velit
2198 1211 2290 1263 ha-

81 1287 210 1341 beri.
272 1289 421 1358 Ergo
460 1308 568 1342 non
606 1291 943 1343 solummodo
985 1291 1273 1343 dicendum
1314 1298 1409 1357 est,
1450 1293 1655 1361 Papam
1697 1311 1813 1346 esse
1853 1294 2196 1346 infallibilem
2235 1295 2290 1345 in

77 1371 239 1424 rebus
278 1373 404 1425 fidei
433 1381 487 1425 et
524 1392 751 1440 morum,
793 1374 1008 1443 quando
1038 1374 1224 1426 definit
1264 1375 1534 1427 doctrinas
1565 1376 1631 1428 de
1669 1376 1775 1428 fide
1820 1382 1873 1428 et
1902 1376 2154 1441 moribUS,
2196 1377 2292 1429 sed

78 1455 215 1508 hanc
265 1456 707 1509 infallibilitatem
759 1475 873 1509 esse
926 1475 1045 1509 eam
1093 1457 1564 1523 infallibilitatem,
1618 1476 1724 1527 qua
1773 1459 1976 1527 gaudet
2015 1459 2289 1524 Ecclesia3

0 1551 43 1607 ³212]
80 1539 302 1607 proinde
343 1540 504 1592 etiam
545 1558 822 1610 nunquam
870 1541 972 1593 sibi
1013 1541 1229 1592 omnino
1277 1559 1490 1592 sensum
1542 1541 1868 1594 definitionis
1899 1548 2135 1594 'nostrae
2176 1544 2291 1612 quis

7 1634 37 1655 ⁸
78 1628 471 1691 assequeretur,
513 1625 557 1675 si
596 1624 913 1693 simpliciter
953 1626 1318 1689 annuntiaret,
1361 1625 1665 1676 Romanum
1693 1625 2016 1677 Pontificem
2057 1644 2171 1678 esse
2212 1628 2291 1677 in-

77 1704 377 1771 fallibilem,
419 1707 636 1776 quando
675 1708 882 1776 aliquid
922 1708 1109 1759 definit
1150 1707 1215 1759 de
1257 1708 1362 1759 fide
1403 1709 1490 1760 vel
1524 1708 1789 1773 moribus3
1832 1710 1969 1760 sicut
2009 1710 2170 1761 etiam
2197 1710 2290 1761 ille

0 1787 38 1864 23³5}
75 1806 291 1841 sensum
349 1796 564 1843 nostrae
620 1791 885 1843 formulae
942 1810 1049 1844 non
1100 1797 1502 1860 assequeretur,
1563 1793 1653 1860 qui
1706 1793 2020 1861 simpliciter
2070 1792 2289 1859 diceret,

75 1872 381 1926 Romanum
420 1875 742 1927 Pontificem
782 1893 897 1927 esse
937 1875 1309 1942 infallibilem,
1355 1876 1569 1944 quando
1611 1876 1814 1944 aliquid
1856 1876 2043 1927 definit
2081 1876 2147 1927 ab
2190 1876 2290 1927 Ec-

0 1961 37 2025 ξῑ·
76 1956 240 2009 616316
290 1958 607 2026 simpliciter
646 1959 975 2023 tenendum3
1033 1959 1128 2010 sed
1178 1959 1279 2011 hae
1322 1959 1459 2010 duae
1512 1976 1596 2009 res
1636 1977 1850 2028 semper
1889 1964 2014 2010 sunt
2053 1959 2193 2010 inter
2232 1977 2288 2011 se

75 2041 511 2107 connectendae,
567 2047 625 2093 ut
665 2060 851 2093 sensus
901 2047 1115 2093 nostrae
1169 2041 1432 2093 formulae
1483 2060 1642 2093 sanus
1695 2049 1748 2093 et
1798 2060 1955 2093 verus
2006 2041 2287 2094 habeatur.

76 2122 197 2175 Hoc
238 2130 420 2176 autem
459 2130 749 2194 utrumque
790 2125 1063 2194 aptissime
1108 2125 1338 2192 exprimi
1380 2125 1594 2177 videtur
1635 2125 1734 2176 hac
1776 2125 2035 2176 formula:
2091 2125 2291 2175 Roma-

73 2224 202 2258 num
242 2207 581 2275 Pontificem,
623 2226 789 2277 quum
829 2209 1126 2260 doctrinam
1168 2208 1234 2259 de
1275 2209 1380 2260 fide
1422 2214 1474 2260 et
1524 2208 1761 2259 moribus
1801 2208 1867 2260 ab
1908 2209 2162 2259 universa
2187 2207 2288 2259 Ec-

74 2290 238 2342 clesia
291 2291 583 2343 tenendam
634 2292 849 2357 definit,
909 2309 973 2344 ea
1027 2291 1413 2343 infallibilitate
1465 2292 1700 2359 pollere,
1758 2310 1864 2360 qua
1915 2292 2128 2343 divinus
2180 2291 2288 2342 Re-

76 2373 324 2444 demptor
364 2375 666 2427 Ecclesiam
707 2394 857 2427 suam
897 2376 953 2426 in
996 2375 1241 2426 doctrina
1295 2374 1359 2426 de
1412 2374 1517 2426 fide
1566 2375 1651 2426 vel
1695 2375 1931 2426 moribus
1971 2376 2286 2425 instructam

77 2474 192 2510 esse
231 2458 417 2510 voluit.

223 2540 492 2605 „Proinde
533 2541 588 2592 in
627 2546 741 2593 tota
780 2542 879 2592 hac
909 2541 1221 2593 definitione
1249 2540 1351 2591 tria
1379 2541 1659 2609 sequentia
1688 2541 2058 2592 continentur:
2105 2544 2148 2592 1.
2177 2540 2286 2591 Ro-

6 2624 24 2688 }
76 2640 293 2675 manum
332 2624 652 2677 Pontificem
703 2641 801 2692 per
849 2625 1163 2693 promissam
1212 2623 1313 2674 sibi
1365 2624 1604 2674 divinam
1658 2624 2016 2675 assistentiam
2057 2641 2172 2675 esse
2211 2624 2288 2673 in-

24 2756 28 2759 .
75 2706 386 2773 fallibilem,
439 2726 603 2777 quum
643 2727 740 2777 pro
781 2726 1034 2775 suprema
1073 2725 1169 2759 sua
1219 2708 1540 2758 auctoritate
1591 2707 1891 2758 doctrinam
1932 2707 1997 2758 ab
2038 2708 2288 2759 universa

1 2806 27 2846 a
74 2790 322 2843 Ecclesia
362 2792 654 2844 tenendam
697 2792 885 2843 definit
923 2809 1034 2856 seu,
1075 2796 1133 2841 ut
1173 2791 1353 2859 plures
1394 2791 1633 2858 theologi
1661 2791 1969 2858 loquuntur,
2012 2789 2289 2841 definitiva

74 2890 136 2925 ac
175 2875 520 2926 terminativa
545 2875 815 2927 sententia
855 2875 1134 2944 proponit3
1179 2876 1226 2924 2.
1268 2874 1539 2925 obiectum
1580 2874 1769 2924 harum
1798 2872 2165 2924 infallibilium
2199 2873 2288 2924 de-

72 2956 376 3009 finitionum
417 2976 533 3010 esse
575 2958 875 3011 doctrinam
917 2957 983 3009 de
1024 2957 1129 3008 fide
1171 2957 1257 3008 vel
1298 2957 1564 3021 moribus3
1626 2959 1674 3008 3.
1714 2958 1769 3007 in
1820 2958 1921 3008 hoc
1962 2956 2173 3007 obiecto
2213 2957 2289 3008 ita

73 3042 326 3109 generice
367 3042 645 3094 enuntiato
688 3041 1130 3092 infallibilitatem
1159 3040 1437 3092 Pontificis
1477 3058 1576 3091 nec
1614 3040 1788 3091 minus
1828 3057 1928 3091 nec
1970 3041 2140 3107 magis
2179 3040 2287 3091 late

72 3129 286 3194 patere,
339 3143 498 3194 quam
538 3130 723 3194 pateat
764 3124 1123 3176 infallibilitas
1164 3124 1441 3175 Ecclesiae
1480 3124 1535 3174 in
1576 3124 1682 3174 suis
1724 3123 2124 3175 definitionibus
2165 3123 2287 3174 doc-

71 3209 244 3261 trinae
287 3208 352 3261 de
404 3210 510 3261 fide
551 3216 604 3261 et
644 3209 899 3261 moribus.
975 3207 1137 3259 Unde
1190 3208 1328 3258 sicut
1368 3209 1582 3259 nemine
1636 3207 1902 3259 diffitente
1953 3207 2287 3258 haereticum

73 3296 177 3357 est,
228 3291 507 3344 Ecclesiae
547 3292 993 3344 infallibilitatem
1033 3291 1089 3341 in
1130 3290 1449 3341 definiendis
1490 3290 1617 3341 fidei
1673 3290 2016 3357 dogmatibus
2068 3307 2286 3357 negare,

70 3374 147 3426 ita
183 3375 238 3425 in
280 3374 437 3426 huius
478 3376 676 3427 decreti
716 3375 970 3426 Vaticani
1021 3375 1126 3425 vim
1179 3391 1288 3425 non
1338 3374 1513 3424 minus
1552 3374 1884 3425 haereticum
1945 3373 2047 3424 erit
2087 3390 2286 3440 negare

11 3475 19 3515 g
72 3457 278 3510 Summi
318 3458 596 3510 Pontificis
636 3476 732 3525 per
770 3476 825 3509 se
867 3457 1096 3526 spectati
1134 3456 1576 3507 infallibilitatem
1616 3457 1670 3507 in
1713 3455 2116 3506 definitionibus
2158 3455 2287 3522 dog-

11 3532 30 3577 '7
71 3545 274 3592 matum
314 3541 455 3594 fidei.
508 3541 573 3592 In
609 3542 714 3592 illis
743 3547 942 3606 autem,
983 3542 1037 3591 in
1076 3540 1266 3609 quibus
1308 3540 1614 3607 theologice
1657 3539 1871 3608 quidem
1916 3544 2138 3604 certum,
2179 3556 2287 3589 non

12 3620 14 3624 ’
74 3628 251 3675 16111611
291 3624 553 3675 hactenus
595 3632 800 3675 certum
843 3624 909 3676 de
951 3624 1055 3674 fide
1099 3628 1195 3690 est,
1236 3622 1535 3674 Ecclesiam
1575 3640 1689 3673 esse
1725 3621 2084 3684 infallibilem,
2127 3621 2288 3672 etiam

71 3706 425 3758 infallibilitas
467 3707 746 3759 Pontificis
802 3707 904 3758 hoc
961 3706 1178 3758 decreto
1234 3706 1372 3757 sacri
1414 3705 1643 3757 Concilii
1697 3723 1804 3756 non
1862 3704 2115 3755 definitur
2169 3709 2285 3754 tan-

24 3780 27 3785 *
73 3807 232 3858 quam
273 3790 338 3843 de
379 3791 482 3843 fide
524 3791 811 3843 credenda.
866 3790 984 3850 Qua
1021 3807 1149 3841 vero
1185 3789 1506 3840 certitudine
1545 3788 1851 3856 theologica
1891 3793 2111 3849 constat,
2152 3788 2287 3838 haec

70 3874 178 3926 alia
218 3874 430 3926 obiecta
469 3880 685 3942 praeter
728 3874 981 3941 dogmata
1020 3872 1146 3924 fidei
1189 3871 1577 3941 comprehendi
1605 3872 1745 3922 inter
1787 3871 2047 3922 ambitum
2087 3870 2284 3921 infalli-
