2548 4290
216 133 321 185 166
389 133 503 174 Pars
536 132 595 173 ΙΙ.
646 129 802 173 Const.
837 129 891 171 de
921 128 1047 171 Eccl.
1099 127 1210 182 Cap.
1246 128 1304 168 ΙΙ.
1355 125 1775 169 Commentationes
1810 125 1866 168 de
1897 126 2132 180 aliquibus
2164 127 2294 168 locis.

214 277 325 328 vim
364 275 637 347 probandi
677 281 791 328 tam
833 274 982 327 clara
1022 280 1189 344 atque
1232 272 1525 343 perspicua
1577 272 1881 339 exsistunt,
1933 277 1994 324 ut
2047 272 2394 327 considerata
2433 281 2488 329 et

212 366 447 426 retenta,
500 360 581 412 uti
621 378 722 430 par
763 364 861 427 est,
903 359 1199 412 verborum
1243 375 1306 410 ac
1348 357 1631 427 phrasium
1673 357 2016 435 proprietate
2060 362 2115 410 et
2153 358 2242 425 vi,
2285 358 2487 413 infalli-

214 445 425 512 bilitas,
469 444 537 497 de
580 462 689 515 qua
730 445 1038 515 quaeritur,
1090 443 1288 496 iisdem
1329 441 1418 494 vel
1461 442 1906 513 aequipollenter
1947 441 2213 495 efferatur
2253 444 2343 496 vel
2382 446 2484 499 vir-

211 530 435 583 tualiter
475 547 537 582 ac
577 529 864 600 implicite,
906 536 968 582 ut
1008 530 1180 596 aiunt,
1223 527 1602 593 contineatur3
1645 528 1792 597 quod
1833 533 2133 599 propterea

363 615 455 682 „d)
497 616 618 685 ipsa
645 615 808 667 huius
837 614 1252 667 infallibilitatis
1281 612 1547 679 definitio,
1578 613 1622 665 si
1651 612 1707 664 in
1734 612 2009 666 Vaticano
2039 613 2286 667 Concilio
2315 614 2488 685 fieret,

211 718 320 752 non
363 705 508 753 esset
546 700 652 752 nisi
694 718 959 771 expressa
988 717 1084 752 seu
1116 698 1384 769 explicita
1412 697 1697 751 doctrinae
1734 699 2188 767 praecedentium
2215 699 2488 755 Concilio-

212 803 332 837 rum
376 785 708 852 declarati03
751 791 918 855 atque
961 785 1038 837 ita

363 871 450 939 „e)
494 871 632 924 haec
662 871 859 924 eadem
890 871 1165 924 Vaticana
1194 870 1441 923 definitio
1472 886 1536 922 60
1564 868 1700 922 fides
1729 875 2027 941 appareret
2053 876 2317 941 tanquam
2359 871 2488 926 fidei

211 957 662 1026 praecedentium
715 955 1091 1010 Conciliorum
1146 955 1489 1009 continuatio
1539 960 1706 1026 atque
1765 955 2096 1027 explicatio,
2157 957 2376 1027 qualem
2431 959 2488 1011 in

208 1043 483 1113 prioribus
526 1042 790 1096 Conciliis
843 1043 990 1096 circa
1037 1042 1147 1096 alia
1196 1042 1328 1095 fidei
1379 1041 1643 1111 dogmata
1694 1041 1949 1094 similiter
2000 1041 2202 1096 factam
2257 1060 2375 1096 esse
2417 1061 2488 1097 ex

209 1129 439 1181 historia
480 1128 857 1182 Conciliorum
899 1134 954 1182 et
997 1129 1320 1198 dogmatum
1364 1127 1626 1180 constat.“

355 1214 575 1267 Petitur
616 1215 672 1266 in
712 1214 908 1268 iisdem
951 1213 1449 1281 observationibus,
1493 1219 1552 1264 ut
1593 1212 1774 1265 allatis
1816 1212 1944 1266 fidei
1974 1212 2225 1266 formulis
2253 1213 2489 1268 addatur

209 1305 374 1370 caput
416 1300 753 1353 definitionis
808 1300 877 1353 de
918 1299 1174 1353 Romano
1216 1298 1491 1352 Pontifice
1543 1299 1599 1350 in
1643 1297 1893 1351 Concilio
1933 1297 2258 1352 Florentino
2313 1301 2488 1353 sanci-

207 1390 352 1451 tum,
407 1404 577 1456 quare
619 1390 841 1457 postea,
896 1404 1064 1456 quum
1107 1403 1179 1439 ex
1222 1385 1403 1455 capite
1445 1383 1740 1437 undecimo
1793 1384 2086 1438 schematis
2128 1385 2196 1437 de
2237 1384 2489 1441 Ecclesia

209 1477 262 1523 et
304 1472 484 1540 capite
526 1471 784 1525 addendo
826 1490 937 1524 una
979 1471 1347 1524 conficeretur
1388 1487 1534 1523 nova
1561 1468 1914 1536 ConstitutiO,
1957 1470 2066 1523 illis
2097 1470 2311 1524 duobus
2339 1474 2488 1526 testi-

209 1559 408 1611 moniis
451 1559 685 1612 accessit
726 1559 951 1612 tertium
997 1576 1068 1611 ex
1110 1557 1361 1611 Concilio
1404 1557 1731 1610 Florentino
1754 1556 1789 1609 1.

358 1643 469 1696 Sed
497 1644 694 1697 Patres
735 1645 791 1696 in
832 1642 1421 1710 animadversionibuS,
1464 1660 1599 1713 quas
1641 1642 1710 1695 de
1752 1643 1932 1714 capite
1975 1642 2232 1697 addendo
2275 1644 2488 1698 obtule-

208 1733 349 1792 rant,
394 1735 585 1781 contra
628 1729 736 1783 duo
779 1730 980 1800 priora,
1026 1734 1080 1782 et
1120 1729 1175 1781 in
1205 1726 1708 1796 emendationibUS,
1752 1747 1886 1799 quas
1913 1729 1970 1781 in
2000 1728 2341 1783 discussione
2370 1748 2491 1801 spe-

210 1814 334 1866 ciali
379 1813 446 1867 de
490 1820 686 1885 quarto
730 1815 912 1886 capite
953 1814 1318 1880 tradiderant,
1361 1819 1555 1867 contra
1595 1813 1780 1867 omnia
1820 1814 1925 1868 tria
1961 1814 2148 1885 aliqua
2189 1816 2356 1869 etiam
2399 1816 2491 1869 ok-

208 1900 473 1952 iecerant.
554 1900 641 1953 De
684 1900 1090 1954 obiectionibus
1133 1900 1410 1971 prioribus
1452 1901 1638 1970 agitur
1678 1900 1733 1951 in
1775 1900 2078 1967 relatione,
2121 1919 2256 1971 quas
2296 1901 2494 1955 Patres

210 1985 460 2056 deputati
515 2002 640 2038 cum
694 1986 814 2055 ipso
878 1986 1161 2038 schemate
1204 1985 1643 2055 Congregationi
1700 1985 1951 2055 generali
2004 1986 2362 2053 'obtulerunt3
2423 1986 2492 2041 (16

208 2070 331 2123 61113
373 2070 543 2123 Βιῖ1113
585 2070 897 2142 Episcopus
939 2071 1289 2124 Brixinensis
1342 2072 1396 2123 in
1440 2070 1712 2123 relatione
1756 2070 2007 2138 disserit,
2063 2089 2227 2142 quam
2268 2071 2491 2125 nomine

211 2155 590 2227 deputationis
631 2156 687 2208 in
732 2156 1185 2227 Congregatione
1227 2157 1479 2226 generali
1522 2156 1591 2210 de
1636 2155 2119 2209 emendationibus
2160 2174 2192 2209 a
2233 2156 2492 2210 Patribus

209 2242 506 2312 propositis
564 2240 774 2295 habuit.
867 2242 1022 2303 Quae
1080 2242 1135 2294 in
1192 2247 1429 2312 utroque
1486 2241 1817 2295 documento
1876 2241 1944 2295 de
2000 2242 2109 2295 illis
2165 2242 2494 2295 testimoniis

210 2326 758 2394 animadvertuntur,
804 2326 873 2379 ad
917 2327 1158 2398 priorem
1200 2332 1416 2398 partem
1459 2327 1653 2398 capitis
1695 2327 1878 2398 quarti
1920 2327 2312 2398 explicandam
2353 2327 2493 2380 mul-

212 2417 326 2463 tum
372 2411 684 2465 conferunt.
764 2411 847 2464 Ea
889 2412 1059 2482 igitur
1100 2412 1205 2465 hoc
1247 2412 1369 2465 loco
1412 2411 1734 2465 referemus,

360 2497 557 2567 Itaque
599 2497 657 2550 in
697 2497 968 2551 relatione
1021 2497 1183 2550 simul
1226 2515 1350 2550 cum
1403 2497 1684 2551 schemate
1727 2497 1991 2551 Patribus
2044 2497 2248 2550 tradita
2288 2497 2494 2550 haben-

211 2587 299 2635 tur
340 2582 541 2636 haec2:

364 2668 440 2734 „L
485 2668 557 2720 Vi
611 2674 802 2721 carent
844 2669 1207 2740 exceptiones
1258 2670 1489 2735 criticae,
1532 2669 1686 2739 quasi
1731 2668 1997 2736 formula,
2059 2686 2200 2739 quae
2242 2669 2296 2720 in
2340 2667 2492 2721 sche-

211 2752 399 2807 mate3
441 2754 774 2807 adscribitur
814 2754 1171 2820 Hormisdae,

363 2842 448 2908 „1.
478 2858 588 2892 non
613 2839 758 2907 huic,
789 2840 887 2893 sed
908 2840 1198 2894 Hadriano
1218 2840 1475 2893 Pontifici
1498 2839 1795 2893 tribuenda
1823 2842 1908 2893 sit.
1956 2839 2219 2892 Instituta
2251 2856 2491 2910 namque·

211 2924 505 2977 collatione
546 2925 691 2977 inter
738 2924 1034 2978 formulam
1077 2924 1413 2978 Hormisdae
1465 2926 1534 2978 ab
1578 2925 1960 2979 Orientalibus
2011 2924 2379 2995 subscriptam
2437 2937 2490 2978 et

211 3009 507 3062 formulam
549 3010 823 3063 Hadriani
874 3011 930 3063 in
973 3011 1135 3064 VIII.
1179 3010 1430 3064 Concilio
1482 3011 1655 3064 veluti
1705 3010 1834 3064 fidei
1884 3010 2137 3080 regulam
2186 3014 2482 3080 receptam.

213 3095 508 3148 manifesto
550 3102 800 3167 apparet,
844 3096 986 3149 hanc
1026 3096 1096 3149 ad
1130 3097 1373 3167 priorem
1401 3097 1555 3150 illam
1596 3097 1672 3149 ita
1714 3115 1832 3166 6336
1862 3113 2200 3168 expressam,
2242 3101 2302 3148 ut
2341 3095 2482 3166 prim

211 3182 268 3233 in
309 3181 611 3234 secundam
653 3180 823 3233 fuerit
869 3181 940 3235 ad
981 3182 1240 3234 amussim
1283 3200 1457 3253 prope
1499 3183 1783 3236 translata.
1866 3182 2049 3243 Quum
2091 3181 2236 3234 enim
2277 3181 2485 3252 reliqua

213 3267 413 3334 omnia,
457 3266 640 3337 quoad
680 3268 900 3337 singula
941 3268 1113 3321 incisa
1154 3285 1217 3320 ac
1259 3268 1448 3336 verba,
1491 3269 1547 3320 in
1589 3273 1824 3339 utraque
1863 3267 2104 3321 formula
2131 3267 2296 3338 plane
2338 3265 2486 3319 iden-

211 3353 321 3405 tica
363 3353 487 3418 sint,
529 3358 661 3419 tota,
706 3371 847 3423 quae
892 3353 1064 3421 adest,
1110 3353 1429 3407 differentia
1470 3354 1577 3406 huc
1619 3354 1780 3421 redit,
1820 3362 1882 3406 ut

367 3439 452 3505 „a)
493 3437 824 3508 paucissima
863 3438 1073 3491 fuerint
1112 3440 1168 3491 in
1210 3439 1449 3492 formula
1477 3439 1753 3492 Hadriani
1796 3438 2186 3492 declarationis
2228 3455 2360 3507 ergo
2402 3435 2489 3489 ad-

213 3524 367 3592 iecta;
406 3524 614 3576 scilicet
654 3528 779 3593 post
819 3524 1054 3594 primam
1094 3524 1367 3578 formulae
1397 3525 1732 3578 Hormisdae
1776 3524 2066 3596 periodum
2102 3524 2170 3578 ab
2200 3522 2489 3576 Hadriano

216 3608 327 3675 (vel
370 3609 553 3679 potius
606 3608 674 3660 ab
724 3608 840 3661 eius
894 3609 1324 3679 praedecessore
1365 3610 1622 3677 Nicolao)
1681 3610 1871 3663 addita
1923 3609 2028 3662 fuit
2080 3609 2262 3662 brevis
2315 3606 2490 3677 expli-

366 3806 381 3834 ¹
419 3809 498 3856 Ex
551 3809 681 3856 actis
735 3815 832 3858 etc.
904 3809 958 3858 C.
996 3811 1058 3860 V.
1102 3813 1290 3860 16796.
1343 3838 1404 3843 -
1453 3811 1558 3860 Cur
1610 3810 1843 3858 additum
1894 3811 1986 3873 sit,
2039 3827 2086 3859 v.
2135 3810 2338 3859 Relatio
2394 3814 2490 3860 etc.

217 3883 271 3933 C.
309 3885 372 3933 V.
410 3887 505 3933 278
521 3902 563 3935 0.

366 3962 380 3989 ²
420 3963 474 4011 C.
512 3964 574 4012 V.
614 3965 756 4012 279d
794 3981 904 4027 sqq.
1091 3965 1106 3992 ³
1146 3966 1223 4014 Sc.
1262 3967 1448 4028 capitis
1485 3966 1726 4015 addendi.
