2548 4290
155 181 322 223 Comm.
346 180 424 220 VI.
471 181 539 220 De
564 182 706 220 inciso
732 192 827 220 can.
852 182 985 221 tertii.
1034 180 1202 222 Comm.
1228 181 1328 222 VII.
1371 184 1438 223 De
1461 183 1606 224 tribus
1633 183 1801 225 Concil.
1825 186 2109 225 testimoniis.
2186 185 2286 236 165

80 326 325 388 stionem,
367 339 527 391 quam
555 322 751 373 scimus
778 327 890 374 tam
930 324 1189 392 agitatam
1227 325 1283 375 in
1323 324 1566 377 Concilio
1609 326 1947 393 Tridentino,
1988 328 2104 396 ipse
2133 327 2288 379 Sum-

80 410 196 463 mus
233 405 492 460 Pontifex
543 410 672 457 tunc
721 406 897 479 nolgiit
947 406 1199 472 definire,
1251 424 1350 459 nec
1401 425 1497 459 nos
1549 414 1694 461 certe
1744 411 2011 462 voluimus
2064 410 2286 462 definire

80 509 173 562 per
210 496 450 541 nostrum
491 505 754 540 canonem
792 505 891 540 nec
931 506 1027 557 per
1065 491 1292 541 incisum
1330 490 1607 542 insertum.
1676 492 1733 544 Si
1771 494 2074 558 asserimus,
2114 497 2285 545 totam

80 573 468 646 plenitudinem
507 572 791 641 potestatis
831 590 1114 641 supremae
1155 590 1270 625 esse
1311 574 1365 624 in
1394 574 1613 626 Summo
1641 574 1921 641 Pontifice,
1963 594 2062 628 nec
2098 577 2286 629 asseri-

44 656 47 660 ’
80 675 195 711 mus
233 673 334 708 nec
374 672 651 724 negamuS,
696 661 1035 723 potestatem,
1077 673 1215 724 quae
1257 662 1337 708 est
1375 657 1431 707 in
1470 657 1784 727 EpiscopiS,
1825 659 2058 710 derivari
2097 678 2129 711 a
2167 659 2285 712 Deo

80 739 388 794 immediate
427 745 520 790 aut
559 757 591 790 a
630 739 850 791 Summo
891 739 1174 791 Pontifice.

225 823 465 889 „Eodem
505 821 664 873 modo
704 822 840 872 nulli
880 822 1120 888 dubium,
1162 822 1290 891 quin
1319 821 1618 874 Concilium
1656 826 2061 876 oecumenicum
2100 826 2169 876 sit
2206 826 2285 876 in-

78 905 302 959 fallibilc
342 906 398 956 in
438 904 597 956 rebus
625 904 750 956 fidei
791 911 844 956 et
884 923 1092 957 morum
1134 905 1478 970 definiendis3
1519 906 1654 957 nulli
1694 907 1934 973 dubium,
1976 907 2119 976 quod
2158 908 2283 958 unio

79 989 470 1060 Episcoporum
509 1004 631 1038 cum
673 987 893 1039 Summo
934 988 1197 1040 Pontifice
1248 989 1316 1039 sit
1355 988 1591 1040 conditio
1643 989 1758 1041 sine
1798 1007 1902 1059 qua
1941 1008 2049 1042 non
2088 990 2284 1042 infalli-

81 1074 298 1127 bilitatis
337 1072 575 1141 corporis
614 1072 950 1140 episcopalis
1026 1073 1100 1123 At
1139 1073 1182 1123 si
1223 1077 1527 1140 quaeratur,
1567 1091 1696 1125 num
1735 1074 1862 1125 unio
1904 1091 2024 1126 cum
2064 1074 2284 1126 Summo

78 1157 340 1210 Pontifice
379 1173 489 1208 non
528 1154 701 1206 solum
742 1157 809 1207 sit
850 1154 1085 1206 conditio
1126 1155 1239 1207 sine
1281 1173 1387 1224 qua
1424 1174 1549 1222 non,
1591 1157 1668 1208 uti
1709 1156 1895 1208 dicunt
1934 1158 2164 1225 scholae,
2205 1158 2285 1208 in-

78 1239 417 1293 fallibilitatis
457 1238 713 1303 Concilii,
765 1238 860 1290 sed
899 1256 1028 1289 num
1067 1255 1258 1307 reapse
1298 1239 1657 1291 infallibilitas
1708 1240 1999 1292 descendat
2039 1258 2069 1291 a
2109 1241 2284 1309 capite

78 1324 129 1376 in
171 1340 391 1392 corpuS,
442 1321 528 1373 vel
570 1327 756 1373 contra
796 1321 973 1385 DeuS,
1025 1323 1115 1390 qui
1156 1321 1465 1374 immediate
1507 1323 1598 1374 dat
1637 1322 2079 1375 infallibilitatem
2121 1324 2284 1392 capiti

77 1406 508 1476 independenter
545 1422 577 1456 a
617 1421 879 1456 concursu
922 1403 1175 1468 Concilii,
1228 1404 1319 1456 det
1360 1405 1521 1456 etiam
1561 1406 1871 1457 immediate
1912 1407 2049 1458 hanc
2088 1406 2286 1458 infalli-

79 1489 340 1541 bilitatem
392 1488 605 1557 corpori
658 1505 778 1538 cum
818 1505 913 1538 suo
966 1488 1142 1556 capite
1193 1488 1477 1539 coniuncto
1530 1505 1626 1557 per
1676 1489 1894 1540 modum
1932 1490 2121 1552 totius,
2178 1507 2284 1540 non

74 1578 156 1625 est
194 1573 279 1624 hic
320 1573 468 1624 locus
510 1571 575 1623 de
616 1571 717 1622 hac
757 1587 813 1621 re
855 1570 1058 1638 aliquid
1100 1571 1317 1622 omnino
1358 1571 1703 1622 statuendum
1747 1571 2008 1640 proferre,
2048 1571 2143 1623 sed
2170 1577 2284 1622 tan-

75 1663 189 1708 tum
229 1661 416 1725 aperte
456 1660 537 1707 est
577 1653 991 1718 declarandum,
1042 1655 1096 1704 in
1138 1672 1342 1705 canone
1385 1655 1573 1723 capitis
1613 1655 1757 1706 tertii
1807 1656 1954 1707 nullo
1997 1655 2155 1707 modo
2197 1656 2285 1723 agi

76 1738 143 1792 de
185 1739 281 1791 hac
322 1739 652 1808 quaestione,
697 1754 796 1789 nec
837 1738 1126 1789 anathema
1166 1738 1270 1788 dici
1310 1738 1432 1803 illis,
1474 1739 1564 1806 qui
1604 1739 1920 1790 alterutram
1960 1740 2284 1790 sententiam

71 1824 414 1876 sustinerent.
502 1821 635 1874 Post
690 1821 828 1871 hanc
880 1828 987 1872 tam
1039 1828 1285 1889 apertam
1340 1821 1790 1886 declarationem,
1847 1840 1982 1890 quae
2038 1822 2286 1874 inhaeret

72 1907 252 1959 sensui
294 1923 363 1958 ex
403 1905 582 1958 verbis
621 1910 675 1957 et
715 1922 783 1956 ex
825 1909 1084 1955 contextu
1125 1904 1418 1969 derivanti,
1466 1922 1572 1956 non
1612 1904 1787 1969 videO,
1831 1905 2098 1973 quomodo
2140 1923 2284 1958 scru-

74 1989 229 2058 pulus
256 1989 485 2042 suboriri
515 1989 697 2057 possit,
739 1988 829 2056 qui
858 1986 1251 2038 rationabiliter
1278 1987 1517 2039 retrahat
1544 2005 1575 2038 a
1603 1989 1821 2039 canonis
1858 1990 2279 2056 acceptatione.“

817 2161 1366 2213 COMMENTATIO
1409 2161 1537 2213 VH.

181 2287 238 2331 De
270 2286 408 2331 tribus
442 2287 793 2332 oecumenicorum
827 2286 1101 2330 Conciliorum
1133 2287 1401 2340 testimoniis,
1437 2299 1543 2342 quae
1576 2286 1806 2330 definitioni
1836 2286 2164 2331 infallibilitatis

786 2360 942 2404 Summi
974 2360 1189 2405 Pontificis
1221 2359 1572 2418 praemittuntur.

215 2466 279 2516 In
319 2466 496 2535 capite
538 2471 727 2534 quarto
771 2465 1183 2516 Constitutionis
1236 2464 1441 2532 primae
1495 2463 1561 2514 de
1602 2462 1873 2529 Ecclesia,
1929 2480 2033 2531 quo
2086 2462 2282 2513 infalli-

73 2548 249 2601 bilitas
290 2549 495 2600 Summi
535 2549 812 2601 Pontificis
864 2549 1144 2613 definitur,
1195 2549 1298 2599 tria
1347 2548 1414 2599 ad
1456 2565 1574 2599 eam
1626 2547 1923 2598 doctrinam
1965 2548 2282 2599 confirman-

70 2631 194 2683 dam
245 2632 547 2683 afferuntur
599 2633 1064 2684 oecumenicorum
1120 2631 1484 2683 Conciliorum
1531 2631 1868 2696 testimonia,
1921 2648 2137 2697 eorum,
2196 2632 2281 2697 „in

71 2715 265 2784 quibus
305 2714 497 2766 Oriens
538 2732 660 2766 cum
699 2714 994 2766 Occidente
1051 2715 1104 2765 in
1145 2714 1270 2765 fidei
1314 2714 1661 2782 caritatisque
1701 2714 1957 2765 unionem
1999 2715 2283 2765 convenie-

73 2797 225 2851 bat“:
270 2798 852 2867 Constantinopolitani
893 2787 1010 2864 IVL,
1051 2797 1434 2865 Lugdunensis
1472 2797 1567 2863 IL,
1607 2797 1923 2848 Florentini.
2002 2797 2066 2848 In
2107 2797 2281 2866 capite

70 2882 319 2935 addendo
346 2882 379 2948 ¹,
421 2881 565 2951 quod
605 2882 777 2933 solum
818 2882 1072 2933 Patribus
1112 2882 1344 2950 primum
1385 2881 1642 2931 traditum
1684 2886 1826 2945 erat,
1874 2880 2101 2931 duorum
2141 2881 2283 2950 prio-

71 2983 186 3018 rum
224 2972 434 3019 tantum
480 2966 788 3018 testimonia
827 2965 1261 3017 continebantur.
1339 2964 1403 3015 In
1445 2964 1911 3016 observationibus
1949 2964 2173 3015 Patrum
2215 2964 2280 3016 de

68 3066 133 3102 eo
176 3051 351 3119 capite
391 3050 669 3114 laudatur,
721 3055 899 3130 ut·est
937 3050 992 3100 in
1034 3050 1296 3101 relatione
1340 3048 1704 3117 deputationis
1727 3047 1763 3113 2,
1819 3047 1994 3116 „quod
2035 3049 2112 3099 rei
2153 3047 2280 3101 defi-

71 3132 302 3185 niendae
344 3133 700 3185 fundamenta
740 3133 793 3182 in
836 3132 1109 3184 schemate
1150 3132 1314 3183 allata

220 3218 303 3283 „a)
343 3235 412 3269 ex
454 3216 697 3269 formulis
738 3215 882 3280 fidei,
922 3216 1091 3284 iisque
1133 3214 1365 3283 receptis
1404 3214 1458 3265 in
1488 3214 1847 3266 oecumenicis
1875 3213 2147 3278 ConciliiS,
2189 3213 2280 3264 de-

10 3293 14 3296 *
72 3307 319 3369 prompta
358 3300 602 3364 fuerunt3
645 3299 788 3368 quod
830 3316 892 3350 ea
932 3299 1103 3368 petita
1142 3298 1361 3349 fuerunt

220 3384 307 3449 „b)
348 3401 418 3435 ex
458 3382 720 3435 eiusmodi
762 3382 1120 3434 oecumenicis
1161 3381 1431 3445 OonciliiS,
1472 3382 1525 3431 in
1566 3381 1758 3449 quibus
1799 3380 1993 3433 Oriens
2034 3386 2086 3432 et
2127 3379 2278 3431 Occi-

72 3466 203 3519 dens
230 3468 285 3518 in
314 3467 553 3519 eiusdem
579 3466 708 3518 fidei
736 3473 789 3518 et
810 3467 1044 3517 caritatis
1066 3466 1326 3517 unitatem
1350 3464 1768 3530 conveniebant3
1799 3465 2047 3533 quodque
2071 3463 2278 3530 eadem,

221 3551 303 3617 „c)
331 3549 785 3619 quemadmodum
809 3548 985 3618 quoad
1003 3549 1379 3600 auctoritatem
1406 3548 1551 3599 omni
1573 3548 1894 3615 exceptione
1916 3552 2038 3598 sunt
2057 3547 2277 3611 maiora,

73 3631 146 3683 ita
175 3632 572 3702 Scripturarum
612 3632 921 3685 testimonia
960 3631 1026 3682 ad
1055 3648 1167 3682 rem
1209 3631 1483 3699 potissima
1523 3630 1971 3698 complectuntur,
2013 3636 2067 3681 et
2101 3630 2277 3698 quoad

218 3836 233 3862 ¹
271 3835 324 3883 O.
362 3835 422 3882 V.
461 3835 675 3882 642a.b.
745 3834 820 3882 Cf.
858 3851 1010 3895 supra
1045 3851 1152 3896 cap.
1189 3835 1229 3880 Ι.
1276 3834 1501 3881 Historia
1537 3833 1743 3893 originis
1781 3837 1873 3880 etc.
1911 3848 1956 3892 p.
1999 3834 2102 3879 107.

219 3911 234 3937 ²
272 3911 325 3958 O.
363 3911 424 3957 V.
461 3912 598 3956 278a
635 3925 740 3971 sqq.
789 3910 864 3958 Of.
903 3911 963 3957 de
999 3911 1245 3957 relatione
1282 3924 1434 3970 supra
1470 3924 1575 3969 cap.
1613 3907 1652 3954 1.
1688 3909 1915 3955 Historia
1951 3912 2044 3954 etc.
2081 3925 2128 3968 p.
2171 3909 2275 3954 112.
