<?xml version="1.0" encoding="UTF-8"?>
<!DOCTYPE html PUBLIC "-//W3C//DTD XHTML 1.0 Transitional//EN"
    "http://www.w3.org/TR/xhtml1/DTD/xhtml1-transitional.dtd">
<html xmlns="http://www.w3.org/1999/xhtml" xml:lang="en" lang="en">
 <head>
  <title>
</title>
<meta http-equiv="Content-Type" content="text/html;charset=utf-8" />
  <meta name='ocr-system' content='tesseract 3.04.00' />
  <meta name='ocr-capabilities' content='ocr_page ocr_carea ocr_par ocr_line ocrx_word'/>
</head>
<body>
  <div class='ocr_page' id='page_1' title='image "a584483100granuoft_0097.png"; bbox 0 0 2548 4290; ppageno 0'>
   <div class='ocr_carea' id='block_1_1' title="bbox 0 0 57 119">
    <p class='ocr_par' dir='ltr' id='par_1_1' title="bbox 0 0 57 119">
     <span class='ocr_line' id='line_1_1' title="bbox 0 0 57 119; baseline 0 4171"><span class='ocrx_word' id='word_1_1' title='bbox 0 0 57 119; x_wconf 95' lang='lat' dir='ltr'> </span> 
     </span>
    </p>
   </div>
   <div class='ocr_carea' id='block_1_2' title="bbox 822 190 2224 246">
    <p class='ocr_par' dir='ltr' id='par_1_2' title="bbox 822 190 2224 246">
     <span class='ocr_line' id='line_1_2' title="bbox 822 190 2224 246; baseline 0.001 -14"><span class='ocrx_word' id='word_1_2' title='bbox 822 192 934 232; x_wconf 86' lang='lat' dir='ltr'>Eius</span> <span class='ocrx_word' id='word_1_3' title='bbox 967 204 1064 246; x_wconf 85' lang='lat' dir='ltr'>cap.</span> <span class='ocrx_word' id='word_1_4' title='bbox 1095 193 1178 233; x_wconf 90' lang='lat'>111.</span> <span class='ocrx_word' id='word_1_5' title='bbox 1221 193 1290 233; x_wconf 92' lang='lat' dir='ltr'>De</span> <span class='ocrx_word' id='word_1_6' title='bbox 1320 192 1419 233; x_wconf 86' lang='lat' dir='ltr'>fide.</span> <span class='ocrx_word' id='word_1_7' title='bbox 2156 190 2224 241; x_wconf 84' lang='grc'>83</span> 
     </span>
    </p>
   </div>
   <div class='ocr_carea' id='block_1_3' title="bbox 20 333 2234 819">
    <p class='ocr_par' dir='ltr' id='par_1_3' title="bbox 20 333 2234 819">
     <span class='ocr_line' id='line_1_3' title="bbox 41 333 2228 405; baseline -0.004 -15"><span class='ocrx_word' id='word_1_8' title='bbox 41 394 44 395; x_wconf 13' lang='lat'><em>⁷</em></span> <span class='ocrx_word' id='word_1_9' title='bbox 161 334 258 405; x_wconf 88' lang='lat'>[2.]</span> <span class='ocrx_word' id='word_1_10' title='bbox 299 335 375 388; x_wconf 86' lang='lat' dir='ltr'>Ut</span> <span class='ocrx_word' id='word_1_11' title='bbox 412 334 759 387; x_wconf 90' lang='lat' dir='ltr'>nihilominus</span> <span class='ocrx_word' id='word_1_12' title='bbox 798 333 923 385; x_wconf 89' lang='lat' dir='ltr'>fidei</span> <span class='ocrx_word' id='word_1_13' title='bbox 962 338 1179 386; x_wconf 89' lang='lat' dir='ltr'>nostrae</span> <span class='ocrx_word' id='word_1_14' title='bbox 1206 333 1525 403; x_wconf 83' lang='lat' dir='ltr'>obsequium</span> <span class='ocrx_word' id='word_1_15' title='bbox 1564 334 1761 385; x_wconf 91' lang='lat' dir='ltr'>rationi</span> <span class='ocrx_word' id='word_1_16' title='bbox 1801 337 2228 385; x_wconf 91' lang='lat' dir='ltr'>consentaneum</span> 
     </span>
     <span class='ocr_line' id='line_1_4' title="bbox 20 414 2227 487; baseline -0.005 -12"><span class='ocrx_word' id='word_1_17' title='bbox 20 426 184 486; x_wconf 81' lang='lat' dir='ltr'>esset,</span> <span class='ocrx_word' id='word_1_18' title='bbox 224 419 396 471; x_wconf 84' lang='lat' dir='ltr'>voluit</span> <span class='ocrx_word' id='word_1_19' title='bbox 434 417 584 471; x_wconf 91' lang='lat' dir='ltr'>Deus</span> <span class='ocrx_word' id='word_1_20' title='bbox 625 434 747 469; x_wconf 92' lang='lat' dir='ltr'>cum</span> <span class='ocrx_word' id='word_1_21' title='bbox 786 417 1013 469; x_wconf 91' lang='lat' dir='ltr'>internis</span> <span class='ocrx_word' id='word_1_22' title='bbox 1054 417 1287 487; x_wconf 81' lang='lat' dir='ltr'>Spiritus</span> <span class='ocrx_word' id='word_1_23' title='bbox 1328 417 1512 470; x_wconf 80' lang='lat' dir='ltr'>Sancti</span> <span class='ocrx_word' id='word_1_24' title='bbox 1552 417 1769 469; x_wconf 82' lang='lat' dir='ltr'>auxiliis</span> <span class='ocrx_word' id='word_1_25' title='bbox 1809 421 2038 468; x_wconf 91' lang='lat' dir='ltr'>externa</span> <span class='ocrx_word' id='word_1_26' title='bbox 2075 414 2227 482; x_wconf 88' lang='lat' dir='ltr'>iungi</span> 
     </span>
     <span class='ocr_line' id='line_1_5' title="bbox 20 496 2230 568; baseline -0.005 -10"><span class='ocrx_word' id='word_1_27' title='bbox 20 502 362 559; x_wconf 83' lang='lat' dir='ltr'>revelationis</span> <span class='ocrx_word' id='word_1_28' title='bbox 402 518 531 553; x_wconf 90' lang='lat' dir='ltr'>suae</span> <span class='ocrx_word' id='word_1_29' title='bbox 570 504 920 568; x_wconf 89' lang='lat' dir='ltr'>argumenta,</span> <span class='ocrx_word' id='word_1_30' title='bbox 962 500 1107 552; x_wconf 87' lang='lat' dir='ltr'>facta</span> <span class='ocrx_word' id='word_1_31' title='bbox 1145 500 1351 552; x_wconf 90' lang='lat' dir='ltr'>scilicet</span> <span class='ocrx_word' id='word_1_32' title='bbox 1390 500 1589 563; x_wconf 85' lang='lat' dir='ltr'>divina,</span> <span class='ocrx_word' id='word_1_33' title='bbox 1629 504 1790 568; x_wconf 91' lang='lat' dir='ltr'>atque</span> <span class='ocrx_word' id='word_1_34' title='bbox 1830 499 2094 567; x_wconf 81' lang='lat' dir='ltr'>imprimis</span> <span class='ocrx_word' id='word_1_35' title='bbox 2135 496 2230 548; x_wconf 90' lang='lat' dir='ltr'>mi-</span> 
     </span>
     <span class='ocr_line' id='line_1_6' title="bbox 20 581 2231 654; baseline -0.005 -12"><span class='ocrx_word' id='word_1_36' title='bbox 20 586 202 643; x_wconf 82' lang='lat' dir='ltr'>racula</span> <span class='ocrx_word' id='word_1_37' title='bbox 239 590 293 638; x_wconf 91' lang='lat' dir='ltr'>et</span> <span class='ocrx_word' id='word_1_38' title='bbox 331 583 661 654; x_wconf 76' lang='lat' dir='ltr'>prophetiaS,</span> <span class='ocrx_word' id='word_1_39' title='bbox 702 600 839 652; x_wconf 91' lang='lat' dir='ltr'>quae</span> <span class='ocrx_word' id='word_1_40' title='bbox 879 600 999 634; x_wconf 90' lang='lat' dir='ltr'>cum</span> <span class='ocrx_word' id='word_1_41' title='bbox 1039 583 1144 635; x_wconf 93' lang='lat' dir='ltr'>Dei</span> <span class='ocrx_word' id='word_1_42' title='bbox 1179 583 1625 652; x_wconf 78' lang='lat' dir='ltr'>omnipotentiam</span> <span class='ocrx_word' id='word_1_43' title='bbox 1665 588 1718 633; x_wconf 90' lang='lat' dir='ltr'>et</span> <span class='ocrx_word' id='word_1_44' title='bbox 1756 582 2021 634; x_wconf 90' lang='lat' dir='ltr'>infinitam</span> <span class='ocrx_word' id='word_1_45' title='bbox 2060 581 2231 632; x_wconf 87' lang='lat' dir='ltr'>seien-</span> 
     </span>
     <span class='ocr_line' id='line_1_7' title="bbox 20 664 2233 734; baseline -0.005 -8"><span class='ocrx_word' id='word_1_46' title='bbox 20 672 149 726; x_wconf 87' lang='lat' dir='ltr'>tiam</span> <span class='ocrx_word' id='word_1_47' title='bbox 174 668 476 721; x_wconf 79' lang='lat' dir='ltr'>luculenter</span> <span class='ocrx_word' id='word_1_48' title='bbox 504 672 941 734; x_wconf 85' lang='lat' dir='ltr'>commonstrent,</span> <span class='ocrx_word' id='word_1_49' title='bbox 980 666 1193 719; x_wconf 85' lang='lat' dir='ltr'>divinae</span> <span class='ocrx_word' id='word_1_50' title='bbox 1220 667 1570 719; x_wconf 85' lang='lat' dir='ltr'>revelationis</span> <span class='ocrx_word' id='word_1_51' title='bbox 1601 666 1757 734; x_wconf 87' lang='lat' dir='ltr'>signa</span> <span class='ocrx_word' id='word_1_52' title='bbox 1782 670 1905 716; x_wconf 90' lang='lat' dir='ltr'>sunt</span> <span class='ocrx_word' id='word_1_53' title='bbox 1933 664 2233 716; x_wconf 89' lang='lat' dir='ltr'>certissima</span> 
     </span>
     <span class='ocr_line' id='line_1_8' title="bbox 21 747 2234 819; baseline -0.005 -11"><span class='ocrx_word' id='word_1_54' title='bbox 21 759 77 809; x_wconf 89' lang='lat' dir='ltr'>et</span> <span class='ocrx_word' id='word_1_55' title='bbox 125 752 360 806; x_wconf 89' lang='lat' dir='ltr'>omnium</span> <span class='ocrx_word' id='word_1_56' title='bbox 400 750 797 819; x_wconf 84' lang='lat' dir='ltr'>intelligentiae</span> <span class='ocrx_word' id='word_1_57' title='bbox 838 750 1241 802; x_wconf 89' lang='lat' dir='ltr'>accommodata</span> <span class='ocrx_word' id='word_1_58' title='bbox 1262 750 1295 803; x_wconf 78' lang='lat'>¹.</span> <span class='ocrx_word' id='word_1_59' title='bbox 1337 797 1341 799; x_wconf 93' lang='lat'>.</span> <span class='ocrx_word' id='word_1_60' title='bbox 1375 750 1553 810; x_wconf 79' lang='lat' dir='ltr'>Quare</span> <span class='ocrx_word' id='word_1_61' title='bbox 1594 755 1708 800; x_wconf 91' lang='lat' dir='ltr'>tum</span> <span class='ocrx_word' id='word_1_62' title='bbox 1748 748 1966 818; x_wconf 84' lang='lat' dir='ltr'>Moyses</span> <span class='ocrx_word' id='word_1_63' title='bbox 2009 753 2063 800; x_wconf 93' lang='lat' dir='ltr'>et</span> <span class='ocrx_word' id='word_1_64' title='bbox 2101 747 2234 798; x_wconf 89' lang='lat' dir='ltr'>Pro-</span> 
     </span>
    </p>
   </div>
   <div class='ocr_carea' id='block_1_4' title="bbox 23 951 2247 1855">
    <p class='ocr_par' dir='ltr' id='par_1_4' title="bbox 23 951 2234 1098">
     <span class='ocr_line' id='line_1_9' title="bbox 23 951 2234 1020; baseline -0.005 -12"><span class='ocrx_word' id='word_1_65' title='bbox 23 956 356 1020; x_wconf 86' lang='lat' dir='ltr'>cognitionem</span> <span class='ocrx_word' id='word_1_66' title='bbox 403 954 733 1003; x_wconf 87' lang='lat' dir='ltr'>exsistentiae</span> <span class='ocrx_word' id='word_1_67' title='bbox 766 956 891 1015; x_wconf 90' lang='lat' dir='ltr'>Dei,</span> <span class='ocrx_word' id='word_1_68' title='bbox 943 956 1006 1002; x_wconf 90' lang='lat' dir='ltr'>ad</span> <span class='ocrx_word' id='word_1_69' title='bbox 1053 970 1202 1016; x_wconf 89' lang='lat' dir='ltr'>quam</span> <span class='ocrx_word' id='word_1_70' title='bbox 1253 970 1315 1001; x_wconf 86' lang='lat' dir='ltr'>ex</span> <span class='ocrx_word' id='word_1_71' title='bbox 1363 954 1767 1001; x_wconf 88' lang='lat' dir='ltr'>consideratione</span> <span class='ocrx_word' id='word_1_72' title='bbox 1813 954 1964 1001; x_wconf 89' lang='lat' dir='ltr'>huius</span> <span class='ocrx_word' id='word_1_73' title='bbox 2010 951 2234 998; x_wconf 86' lang='lat' dir='ltr'>universi</span> 
     </span>
     <span class='ocr_line' id='line_1_10' title="bbox 25 1027 393 1098; baseline -0.014 -16"><span class='ocrx_word' id='word_1_74' title='bbox 25 1027 393 1098; x_wconf 82' lang='lat' dir='ltr'>perveniatur.“</span> 
     </span>
    </p>

    <p class='ocr_par' dir='ltr' id='par_1_5' title="bbox 24 1105 2247 1855">
     <span class='ocr_line' id='line_1_11' title="bbox 156 1105 2235 1166; baseline -0.003 -7"><span class='ocrx_word' id='word_1_75' title='bbox 156 1110 730 1165; x_wconf 18' lang='lat' dir='ltr'>,Semirationalistarum</span> <span class='ocrx_word' id='word_1_76' title='bbox 778 1110 1008 1158; x_wconf 90' lang='lat' dir='ltr'>doctrina</span> <span class='ocrx_word' id='word_1_77' title='bbox 1052 1111 1131 1157; x_wconf 92' lang='lat' dir='ltr'>his</span> <span class='ocrx_word' id='word_1_78' title='bbox 1180 1125 1355 1157; x_wconf 93' lang='lat' dir='ltr'>eorum</span> <span class='ocrx_word' id='word_1_79' title='bbox 1402 1110 1525 1157; x_wconf 89' lang='lat' dir='ltr'>loeis</span> <span class='ocrx_word' id='word_1_80' title='bbox 1572 1110 1859 1157; x_wconf 90' lang='lat' dir='ltr'>illustratur</span> <span class='ocrx_word' id='word_1_81' title='bbox 1908 1108 2026 1156; x_wconf 90' lang='lat' dir='ltr'>ibid.</span> <span class='ocrx_word' id='word_1_82' title='bbox 2064 1107 2139 1166; x_wconf 79' lang='lat' dir='ltr'>(O.</span> <span class='ocrx_word' id='word_1_83' title='bbox 2175 1105 2235 1153; x_wconf 88' lang='lat' dir='ltr'>V.</span> 
     </span>
     <span class='ocr_line' id='line_1_12' title="bbox 26 1186 2236 1248; baseline -0.004 -11"><span class='ocrx_word' id='word_1_84' title='bbox 26 1190 117 1238; x_wconf 82' lang='grc'>527</span> <span class='ocrx_word' id='word_1_85' title='bbox 133 1187 204 1247; x_wconf 86' lang='lat' dir='ltr'>d):</span> <span class='ocrx_word' id='word_1_86' title='bbox 258 1186 339 1247; x_wconf 89' lang='lat' dir='ltr'>„Si</span> <span class='ocrx_word' id='word_1_87' title='bbox 385 1186 592 1234; x_wconf 89' lang='lat' dir='ltr'>exclusa</span> <span class='ocrx_word' id='word_1_88' title='bbox 625 1186 756 1233; x_wconf 88' lang='lat' dir='ltr'>falsa</span> <span class='ocrx_word' id='word_1_89' title='bbox 791 1187 1121 1246; x_wconf 90' lang='lat' dir='ltr'>credulitate,</span> <span class='ocrx_word' id='word_1_90' title='bbox 1173 1187 1322 1233; x_wconf 90' lang='lat' dir='ltr'>etiam</span> <span class='ocrx_word' id='word_1_91' title='bbox 1359 1187 1446 1233; x_wconf 92' lang='lat' dir='ltr'>illa</span> <span class='ocrx_word' id='word_1_92' title='bbox 1483 1202 1612 1248; x_wconf 90' lang='lat' dir='ltr'>quae</span> <span class='ocrx_word' id='word_1_93' title='bbox 1659 1202 1749 1248; x_wconf 91' lang='lat' dir='ltr'>per</span> <span class='ocrx_word' id='word_1_94' title='bbox 1793 1186 2026 1232; x_wconf 88' lang='lat' dir='ltr'>accidens</span> <span class='ocrx_word' id='word_1_95' title='bbox 2062 1198 2236 1231; x_wconf 87' lang='lat' dir='ltr'>verum</span> 
     </span>
     <span class='ocr_line' id='line_1_13' title="bbox 28 1260 2237 1325; baseline -0.004 -12"><span class='ocrx_word' id='word_1_96' title='bbox 28 1264 201 1325; x_wconf 85' lang='lat' dir='ltr'>credit,</span> <span class='ocrx_word' id='word_1_97' title='bbox 237 1263 326 1310; x_wconf 88' lang='lat' dir='ltr'>sed</span> <span class='ocrx_word' id='word_1_98' title='bbox 359 1262 472 1309; x_wconf 91' lang='lat' dir='ltr'>ideo</span> <span class='ocrx_word' id='word_1_99' title='bbox 510 1262 784 1309; x_wconf 91' lang='lat' dir='ltr'>secundum</span> <span class='ocrx_word' id='word_1_100' title='bbox 823 1263 1095 1309; x_wconf 90' lang='lat' dir='ltr'>dictamina</span> <span class='ocrx_word' id='word_1_101' title='bbox 1129 1262 1341 1309; x_wconf 90' lang='lat' dir='ltr'>rationis</span> <span class='ocrx_word' id='word_1_102' title='bbox 1376 1277 1477 1308; x_wconf 92' lang='lat' dir='ltr'>non</span> <span class='ocrx_word' id='word_1_103' title='bbox 1513 1262 1677 1309; x_wconf 90' lang='lat' dir='ltr'>minus</span> <span class='ocrx_word' id='word_1_104' title='bbox 1701 1260 2111 1322; x_wconf 88' lang='lat' dir='ltr'>reprehensibilis</span> <span class='ocrx_word' id='word_1_105' title='bbox 2147 1263 2237 1317; x_wconf 92' lang='lat' dir='ltr'>est,</span> 
     </span>
     <span class='ocr_line' id='line_1_14' title="bbox 29 1336 2243 1398; baseline -0.003 -10"><span class='ocrx_word' id='word_1_106' title='bbox 29 1341 237 1389; x_wconf 80' lang='lat' dir='ltr'>velimus</span> <span class='ocrx_word' id='word_1_107' title='bbox 271 1338 420 1386; x_wconf 90' lang='lat' dir='ltr'>fidem</span> <span class='ocrx_word' id='word_1_108' title='bbox 458 1337 679 1397; x_wconf 90' lang='lat' dir='ltr'>definire,</span> <span class='ocrx_word' id='word_1_109' title='bbox 720 1339 985 1385; x_wconf 92' lang='lat' dir='ltr'>dicendum</span> <span class='ocrx_word' id='word_1_110' title='bbox 1024 1342 1116 1398; x_wconf 88' lang='lat' dir='ltr'>est,</span> <span class='ocrx_word' id='word_1_111' title='bbox 1158 1339 1310 1398; x_wconf 82' lang='lat' dir='ltr'>fidem</span> <span class='ocrx_word' id='word_1_112' title='bbox 1346 1353 1439 1384; x_wconf 86' lang='lat' dir='ltr'>esse</span> <span class='ocrx_word' id='word_1_113' title='bbox 1474 1339 1523 1384; x_wconf 81' lang='lat' dir='ltr'>in</span> <span class='ocrx_word' id='word_1_114' title='bbox 1558 1339 1693 1385; x_wconf 78' lang='lat' dir='ltr'>uobis</span> <span class='ocrx_word' id='word_1_115' title='bbox 1726 1343 1902 1384; x_wconf 85' lang='lat' dir='ltr'>statum</span> <span class='ocrx_word' id='word_1_116' title='bbox 1941 1336 2243 1383; x_wconf 77' lang='lat' dir='ltr'>certitudinis</span> 
     </span>
     <span class='ocr_line' id='line_1_15' title="bbox 24 1414 2240 1478; baseline -0.004 -14"><span class='ocrx_word' id='word_1_117' title='bbox 24 1431 107 1464; x_wconf 74' lang='lat' dir='ltr'>seu</span> <span class='ocrx_word' id='word_1_118' title='bbox 131 1415 467 1478; x_wconf 73' lang='lat' dir='ltr'>persuasionis</span> <span class='ocrx_word' id='word_1_119' title='bbox 501 1415 558 1460; x_wconf 83' lang='lat' dir='ltr'>de</span> <span class='ocrx_word' id='word_1_120' title='bbox 591 1415 789 1461; x_wconf 82' lang='lat' dir='ltr'>veritate</span> <span class='ocrx_word' id='word_1_121' title='bbox 812 1416 887 1461; x_wconf 79' lang='lat' dir='ltr'>rei</span> <span class='ocrx_word' id='word_1_122' title='bbox 919 1416 1147 1474; x_wconf 69' lang='lat' dir='ltr'>eoqrzitae,</span> <span class='ocrx_word' id='word_1_123' title='bbox 1182 1416 1233 1460; x_wconf 81' lang='lat' dir='ltr'>in</span> <span class='ocrx_word' id='word_1_124' title='bbox 1271 1429 1406 1475; x_wconf 79' lang='lat' dir='ltr'>quem</span> <span class='ocrx_word' id='word_1_125' title='bbox 1440 1419 1618 1460; x_wconf 84' lang='lat' dir='ltr'>statum</span> <span class='ocrx_word' id='word_1_126' title='bbox 1653 1414 1932 1460; x_wconf 76' lang='lat' dir='ltr'>inducimur</span> <span class='ocrx_word' id='word_1_127' title='bbox 1958 1427 2052 1473; x_wconf 77' lang='lat' dir='ltr'>per</span> <span class='ocrx_word' id='word_1_128' title='bbox 2086 1424 2240 1457; x_wconf 79' lang='lat' dir='ltr'>ueces-</span> 
     </span>
     <span class='ocr_line' id='line_1_16' title="bbox 27 1488 2241 1550; baseline -0.004 -9"><span class='ocrx_word' id='word_1_129' title='bbox 27 1493 207 1541; x_wconf 74' lang='lat' dir='ltr'>sarium</span> <span class='ocrx_word' id='word_1_130' title='bbox 232 1505 470 1537; x_wconf 81' lang='lat' dir='ltr'>assensum</span> <span class='ocrx_word' id='word_1_131' title='bbox 495 1491 702 1537; x_wconf 78' lang='lat' dir='ltr'>rationis</span> <span class='ocrx_word' id='word_1_132' title='bbox 726 1490 1002 1537; x_wconf 75' lang='lat' dir='ltr'>theoreticae</span> <span class='ocrx_word' id='word_1_133' title='bbox 1027 1491 1097 1536; x_wconf 78' lang='lat' dir='ltr'>vel</span> <span class='ocrx_word' id='word_1_134' title='bbox 1113 1505 1206 1550; x_wconf 78' lang='lat' dir='ltr'>per</span> <span class='ocrx_word' id='word_1_135' title='bbox 1230 1490 1548 1536; x_wconf 77' lang='lat' dir='ltr'>necessarium</span> <span class='ocrx_word' id='word_1_136' title='bbox 1573 1504 1843 1536; x_wconf 82' lang='lat' dir='ltr'>consensum</span> <span class='ocrx_word' id='word_1_137' title='bbox 1867 1488 2074 1535; x_wconf 79' lang='lat' dir='ltr'>rationis</span> <span class='ocrx_word' id='word_1_138' title='bbox 2096 1500 2241 1547; x_wconf 79' lang='lat' dir='ltr'>prac-</span> 
     </span>
     <span class='ocr_line' id='line_1_17' title="bbox 27 1563 2243 1627; baseline -0.004 -11"><span class='ocrx_word' id='word_1_139' title='bbox 27 1570 158 1616; x_wconf 81' lang='lat' dir='ltr'>ticae.</span> <span class='ocrx_word' id='word_1_140' title='bbox 204 1567 345 1614; x_wconf 92' lang='lat' dir='ltr'>Haec</span> <span class='ocrx_word' id='word_1_141' title='bbox 378 1566 501 1613; x_wconf 90' lang='lat' dir='ltr'>fides</span> <span class='ocrx_word' id='word_1_142' title='bbox 539 1566 800 1613; x_wconf 85' lang='lat' dir='ltr'>rationalis</span> <span class='ocrx_word' id='word_1_143' title='bbox 829 1571 905 1613; x_wconf 91' lang='lat' dir='ltr'>est</span> <span class='ocrx_word' id='word_1_144' title='bbox 930 1566 1042 1613; x_wconf 90' lang='lat' dir='ltr'>finis</span> <span class='ocrx_word' id='word_1_145' title='bbox 1069 1581 1334 1627; x_wconf 87' lang='lat' dir='ltr'>supremus</span> <span class='ocrx_word' id='word_1_146' title='bbox 1360 1564 1518 1612; x_wconf 90' lang='lat' dir='ltr'>totius</span> <span class='ocrx_word' id='word_1_147' title='bbox 1545 1565 1910 1626; x_wconf 86' lang='lat' dir='ltr'>philosophiae,</span> <span class='ocrx_word' id='word_1_148' title='bbox 1948 1563 2098 1609; x_wconf 90' lang='lat' dir='ltr'>unica</span> <span class='ocrx_word' id='word_1_149' title='bbox 2121 1577 2243 1608; x_wconf 84' lang='lat' dir='ltr'>vera</span> 
     </span>
     <span class='ocr_line' id='line_1_18' title="bbox 29 1639 2242 1701; baseline -0.004 -9"><span class='ocrx_word' id='word_1_150' title='bbox 29 1658 201 1692; x_wconf 84' lang='lat' dir='ltr'>norma</span> <span class='ocrx_word' id='word_1_151' title='bbox 250 1643 464 1688; x_wconf 91' lang='lat' dir='ltr'>hominis</span> <span class='ocrx_word' id='word_1_152' title='bbox 514 1642 565 1688; x_wconf 94' lang='lat' dir='ltr'>in</span> <span class='ocrx_word' id='word_1_153' title='bbox 616 1642 710 1688; x_wconf 89' lang='lat' dir='ltr'>hac</span> <span class='ocrx_word' id='word_1_154' title='bbox 760 1643 893 1701; x_wconf 86' lang='lat' dir='ltr'>vita,</span> <span class='ocrx_word' id='word_1_155' title='bbox 948 1646 997 1689; x_wconf 90' lang='lat' dir='ltr'>et</span> <span class='ocrx_word' id='word_1_156' title='bbox 1039 1642 1329 1688; x_wconf 87' lang='lat' dir='ltr'>necessaria</span> <span class='ocrx_word' id='word_1_157' title='bbox 1377 1641 1596 1688; x_wconf 89' lang='lat' dir='ltr'>conditio</span> <span class='ocrx_word' id='word_1_158' title='bbox 1645 1641 1708 1688; x_wconf 94' lang='lat' dir='ltr'>ad</span> <span class='ocrx_word' id='word_1_159' title='bbox 1745 1641 1853 1687; x_wconf 92' lang='lat' dir='ltr'>eius</span> <span class='ocrx_word' id='word_1_160' title='bbox 1891 1639 2242 1687; x_wconf 88' lang='lat' dir='ltr'>elevationem.</span> 
     </span>
     <span class='ocr_line' id='line_1_19' title="bbox 24 1713 2246 1778; baseline -0.004 -11"><span class='ocrx_word' id='word_1_161' title='bbox 24 1719 196 1776; x_wconf 77' lang='lat' dir='ltr'>Quare</span> <span class='ocrx_word' id='word_1_162' title='bbox 243 1718 364 1765; x_wconf 91' lang='lat' dir='ltr'>dicit</span> <span class='ocrx_word' id='word_1_163' title='bbox 400 1717 678 1778; x_wconf 89' lang='lat' dir='ltr'>Apostolus</span> <span class='ocrx_word' id='word_1_164' title='bbox 723 1718 972 1778; x_wconf 87' lang='lat' dir='ltr'>gentium:</span> <span class='ocrx_word' id='word_1_165' title='bbox 1026 1717 1118 1764; x_wconf 87' lang='lat' dir='ltr'>Est</span> <span class='ocrx_word' id='word_1_166' title='bbox 1165 1722 1334 1764; x_wconf 92' lang='lat' dir='ltr'>autem</span> <span class='ocrx_word' id='word_1_167' title='bbox 1379 1717 1501 1763; x_wconf 89' lang='lat' dir='ltr'>fides</span> <span class='ocrx_word' id='word_1_168' title='bbox 1549 1716 1911 1778; x_wconf 91' lang='lat' dir='ltr'>sperandarum</span> <span class='ocrx_word' id='word_1_169' title='bbox 1960 1713 2246 1761; x_wconf 89' lang='lat' dir='ltr'>substantia</span> 
     </span>
     <span class='ocr_line' id='line_1_20' title="bbox 30 1790 2247 1855; baseline -0.003 -12"><span class='ocrx_word' id='word_1_170' title='bbox 30 1810 211 1853; x_wconf 84' lang='lat' dir='ltr'>rerum,</span> <span class='ocrx_word' id='word_1_171' title='bbox 248 1797 601 1854; x_wconf 84' lang='lat' dir='ltr'>argumentum</span> <span class='ocrx_word' id='word_1_172' title='bbox 628 1808 729 1840; x_wconf 92' lang='lat' dir='ltr'>non</span> <span class='ocrx_word' id='word_1_173' title='bbox 765 1790 1163 1855; x_wconf 84' lang='lat' dir='ltr'>apparentium.“</span> <span class='ocrx_word' id='word_1_174' title='bbox 1215 1792 1296 1851; x_wconf 81' lang='lat' dir='ltr'>(G.</span> <span class='ocrx_word' id='word_1_175' title='bbox 1321 1793 1551 1850; x_wconf 90' lang='lat' dir='ltr'>Hermes,</span> <span class='ocrx_word' id='word_1_176' title='bbox 1590 1793 1785 1839; x_wconf 91' lang='lat' dir='ltr'>Introd.</span> <span class='ocrx_word' id='word_1_177' title='bbox 1813 1791 1991 1853; x_wconf 79' lang='lat' dir='ltr'>philos,</span> <span class='ocrx_word' id='word_1_178' title='bbox 2017 1790 2080 1836; x_wconf 93' lang='lat' dir='ltr'>ad</span> <span class='ocrx_word' id='word_1_179' title='bbox 2107 1790 2247 1836; x_wconf 90' lang='lat' dir='ltr'>theo-</span> 
     </span>
    </p>
   </div>
   <div class='ocr_carea' id='block_1_5' title="bbox 31 1866 2246 2084">
    <p class='ocr_par' dir='ltr' id='par_1_6' title="bbox 31 1866 2246 2084">
     <span class='ocr_line' id='line_1_21' title="bbox 31 1866 2245 1933; baseline -0.003 -15"><span class='ocrx_word' id='word_1_180' title='bbox 31 1871 127 1933; x_wconf 89' lang='lat' dir='ltr'>log.</span> <span class='ocrx_word' id='word_1_181' title='bbox 172 1885 219 1931; x_wconf 87' lang='lat' dir='ltr'>p.</span> <span class='ocrx_word' id='word_1_182' title='bbox 256 1867 386 1927; x_wconf 85' lang='lat'>259.)</span> <span class='ocrx_word' id='word_1_183' title='bbox 423 1897 484 1903; x_wconf 91' lang='lat'>—</span> <span class='ocrx_word' id='word_1_184' title='bbox 526 1869 603 1929; x_wconf 82' lang='lat' dir='ltr'>„Si</span> <span class='ocrx_word' id='word_1_185' title='bbox 654 1871 934 1916; x_wconf 88' lang='lat' dir='ltr'>auctoritas</span> <span class='ocrx_word' id='word_1_186' title='bbox 977 1869 1273 1929; x_wconf 89' lang='lat' dir='ltr'>designatur</span> <span class='ocrx_word' id='word_1_187' title='bbox 1318 1873 1375 1915; x_wconf 93' lang='lat' dir='ltr'>ut</span> <span class='ocrx_word' id='word_1_188' title='bbox 1410 1868 1613 1915; x_wconf 92' lang='lat' dir='ltr'>unicum</span> <span class='ocrx_word' id='word_1_189' title='bbox 1659 1868 1903 1914; x_wconf 84' lang='lat' dir='ltr'>motivum</span> <span class='ocrx_word' id='word_1_190' title='bbox 1939 1866 2055 1913; x_wconf 93' lang='lat' dir='ltr'>fidei</span> <span class='ocrx_word' id='word_1_191' title='bbox 2091 1869 2245 1926; x_wconf 90' lang='lat' dir='ltr'>atque</span> 
     </span>
     <span class='ocr_line' id='line_1_22' title="bbox 31 1937 2242 2005; baseline -0.003 -11"><span class='ocrx_word' id='word_1_192' title='bbox 31 1947 154 1994; x_wconf 69' lang='lat' dir='ltr'>adeo</span> <span class='ocrx_word' id='word_1_193' title='bbox 190 1948 248 1992; x_wconf 90' lang='lat' dir='ltr'>ut</span> <span class='ocrx_word' id='word_1_194' title='bbox 283 1945 392 1992; x_wconf 88' lang='lat' dir='ltr'>eius</span> <span class='ocrx_word' id='word_1_195' title='bbox 429 1945 841 2005; x_wconf 85' lang='lat' dir='ltr'>fundamentum,</span> <span class='ocrx_word' id='word_1_196' title='bbox 888 1946 984 1992; x_wconf 90' lang='lat' dir='ltr'>hoc</span> <span class='ocrx_word' id='word_1_197' title='bbox 1019 1945 1127 2005; x_wconf 92' lang='lat' dir='ltr'>ipso</span> <span class='ocrx_word' id='word_1_198' title='bbox 1164 1944 1440 1991; x_wconf 88' lang='lat' dir='ltr'>intrinseca</span> <span class='ocrx_word' id='word_1_199' title='bbox 1474 1944 1685 1991; x_wconf 89' lang='lat' dir='ltr'>firmitas</span> <span class='ocrx_word' id='word_1_200' title='bbox 1731 1943 1848 1990; x_wconf 92' lang='lat' dir='ltr'>fidei</span> <span class='ocrx_word' id='word_1_201' title='bbox 1883 1937 2242 1990; x_wconf 83' lang='lat' dir='ltr'>subvertitur.“</span> 
     </span>
     <span class='ocr_line' id='line_1_23' title="bbox 32 2020 2246 2084; baseline -0.004 -13"><span class='ocrx_word' id='word_1_202' title='bbox 32 2023 180 2084; x_wconf 87' lang='lat' dir='ltr'>(Ibid.</span> <span class='ocrx_word' id='word_1_203' title='bbox 214 2038 262 2084; x_wconf 86' lang='lat' dir='ltr'>p.</span> <span class='ocrx_word' id='word_1_204' title='bbox 299 2020 431 2079; x_wconf 84' lang='lat'>265.)</span> <span class='ocrx_word' id='word_1_205' title='bbox 468 2050 531 2056; x_wconf 92' lang='lat'>-—</span> <span class='ocrx_word' id='word_1_206' title='bbox 567 2021 729 2080; x_wconf 86' lang='lat' dir='ltr'>„Quid</span> <span class='ocrx_word' id='word_1_207' title='bbox 765 2025 841 2069; x_wconf 92' lang='lat' dir='ltr'>est</span> <span class='ocrx_word' id='word_1_208' title='bbox 875 2022 998 2069; x_wconf 90' lang='lat' dir='ltr'>fides</span> <span class='ocrx_word' id='word_1_209' title='bbox 1035 2022 1392 2068; x_wconf 83' lang='lat' dir='ltr'>sublimissimo</span> <span class='ocrx_word' id='word_1_210' title='bbox 1430 2022 1616 2067; x_wconf 78' lang='lat' dir='ltr'>sensu?</span> <span class='ocrx_word' id='word_1_211' title='bbox 1667 2020 2017 2082; x_wconf 91' lang='lat' dir='ltr'>Apprehensio</span> <span class='ocrx_word' id='word_1_212' title='bbox 2055 2034 2246 2076; x_wconf 89' lang='lat' dir='ltr'>eorum,</span> 
     </span>
    </p>
   </div>
   <div class='ocr_carea' id='block_1_6' title="bbox 33 2096 2249 2389">
    <p class='ocr_par' dir='ltr' id='par_1_7' title="bbox 33 2096 2249 2389">
     <span class='ocr_line' id='line_1_24' title="bbox 33 2096 2249 2163; baseline -0.003 -15"><span class='ocrx_word' id='word_1_213' title='bbox 33 2115 161 2163; x_wconf 85' lang='lat' dir='ltr'>quae</span> <span class='ocrx_word' id='word_1_214' title='bbox 194 2115 285 2161; x_wconf 91' lang='lat' dir='ltr'>per</span> <span class='ocrx_word' id='word_1_215' title='bbox 322 2115 412 2146; x_wconf 88' lang='lat' dir='ltr'>sua</span> <span class='ocrx_word' id='word_1_216' title='bbox 448 2099 797 2160; x_wconf 90' lang='lat' dir='ltr'>phaenomena</span> <span class='ocrx_word' id='word_1_217' title='bbox 830 2114 882 2145; x_wconf 88' lang='lat' dir='ltr'>se</span> <span class='ocrx_word' id='word_1_218' title='bbox 918 2099 1272 2158; x_wconf 89' lang='lat' dir='ltr'>manifestant,</span> <span class='ocrx_word' id='word_1_219' title='bbox 1312 2098 1391 2144; x_wconf 85' lang='lat' dir='ltr'>vel</span> <span class='ocrx_word' id='word_1_220' title='bbox 1428 2102 1672 2159; x_wconf 88' lang='lat' dir='ltr'>tanquam</span> <span class='ocrx_word' id='word_1_221' title='bbox 1708 2097 2095 2143; x_wconf 87' lang='lat' dir='ltr'>fundamentum</span> <span class='ocrx_word' id='word_1_222' title='bbox 2133 2096 2249 2141; x_wconf 90' lang='lat' dir='ltr'>sub-</span> 
     </span>
     <span class='ocr_line' id='line_1_25' title="bbox 34 2172 2246 2237; baseline -0.003 -14"><span class='ocrx_word' id='word_1_223' title='bbox 34 2180 167 2226; x_wconf 87' lang='lat' dir='ltr'>stant</span> <span class='ocrx_word' id='word_1_224' title='bbox 215 2176 493 2237; x_wconf 84' lang='lat' dir='ltr'>cognitioni</span> <span class='ocrx_word' id='word_1_225' title='bbox 540 2175 824 2236; x_wconf 88' lang='lat' dir='ltr'>empiricae.</span> <span class='ocrx_word' id='word_1_226' title='bbox 895 2174 1216 2222; x_wconf 77' lang='lat' dir='ltr'>Christianus</span> <span class='ocrx_word' id='word_1_227' title='bbox 1267 2175 1527 2235; x_wconf 83' lang='lat' dir='ltr'>cognoscit</span> <span class='ocrx_word' id='word_1_228' title='bbox 1578 2177 1628 2221; x_wconf 93' lang='lat' dir='ltr'>et</span> <span class='ocrx_word' id='word_1_229' title='bbox 1675 2174 1823 2220; x_wconf 77' lang='lat' dir='ltr'>credit</span> <span class='ocrx_word' id='word_1_230' title='bbox 1862 2172 1956 2219; x_wconf 92' lang='lat' dir='ltr'>Dei</span> <span class='ocrx_word' id='word_1_231' title='bbox 2004 2172 2246 2218; x_wconf 86' lang='lat' dir='ltr'>exsisten-</span> 
     </span>
     <span class='ocr_line' id='line_1_26' title="bbox 33 2244 2242 2312; baseline -0.003 -11"><span class='ocrx_word' id='word_1_232' title='bbox 33 2253 170 2312; x_wconf 84' lang='lat' dir='ltr'>tiam,</span> <span class='ocrx_word' id='word_1_233' title='bbox 206 2252 324 2299; x_wconf 91' lang='lat' dir='ltr'>dum</span> <span class='ocrx_word' id='word_1_234' title='bbox 360 2253 410 2298; x_wconf 93' lang='lat' dir='ltr'>in</span> <span class='ocrx_word' id='word_1_235' title='bbox 447 2251 683 2298; x_wconf 86' lang='lat' dir='ltr'>universo</span> <span class='ocrx_word' id='word_1_236' title='bbox 720 2252 827 2298; x_wconf 91' lang='lat' dir='ltr'>eius</span> <span class='ocrx_word' id='word_1_237' title='bbox 864 2252 1183 2298; x_wconf 90' lang='lat' dir='ltr'>maiestatem</span> <span class='ocrx_word' id='word_1_238' title='bbox 1221 2255 1270 2298; x_wconf 92' lang='lat' dir='ltr'>et</span> <span class='ocrx_word' id='word_1_239' title='bbox 1307 2250 1623 2297; x_wconf 88' lang='lat' dir='ltr'>divinitatem</span> <span class='ocrx_word' id='word_1_240' title='bbox 1652 2249 1915 2296; x_wconf 86' lang='lat' dir='ltr'>intellectu</span> <span class='ocrx_word' id='word_1_241' title='bbox 1954 2244 2242 2309; x_wconf 83' lang='lat' dir='ltr'>conspicit.“</span> 
     </span>
     <span class='ocr_line' id='line_1_27' title="bbox 36 2326 1421 2389; baseline -0.003 -12"><span class='ocrx_word' id='word_1_242' title='bbox 36 2328 115 2388; x_wconf 76' lang='lat' dir='ltr'>(G.</span> <span class='ocrx_word' id='word_1_243' title='bbox 152 2328 206 2376; x_wconf 79' lang='lat' dir='ltr'>O.</span> <span class='ocrx_word' id='word_1_244' title='bbox 243 2329 433 2389; x_wconf 83' lang='lat' dir='ltr'>Mayer,</span> <span class='ocrx_word' id='word_1_245' title='bbox 469 2328 640 2375; x_wconf 89' lang='lat' dir='ltr'>Lexic.</span> <span class='ocrx_word' id='word_1_246' title='bbox 677 2327 971 2374; x_wconf 85' lang='lat' dir='ltr'>Ecclesiast.</span> <span class='ocrx_word' id='word_1_247' title='bbox 1009 2331 1044 2374; x_wconf 92' lang='lat' dir='ltr'>t.</span> <span class='ocrx_word' id='word_1_248' title='bbox 1082 2327 1170 2374; x_wconf 91' lang='lat' dir='ltr'>IV.</span> <span class='ocrx_word' id='word_1_249' title='bbox 1207 2343 1255 2386; x_wconf 88' lang='lat' dir='ltr'>p.</span> <span class='ocrx_word' id='word_1_250' title='bbox 1291 2326 1421 2385; x_wconf 87' lang='grc'>522.)</span> 
     </span>
    </p>
   </div>
   <div class='ocr_carea' id='block_1_7' title="bbox 0 2403 2268 3984">
    <p class='ocr_par' dir='ltr' id='par_1_8' title="bbox 0 2403 2268 3984">
     <span class='ocr_line' id='line_1_28' title="bbox 28 2403 2253 2468; baseline -0.004 -10"><span class='ocrx_word' id='word_1_251' title='bbox 28 2455 30 2458; x_wconf 78' lang='grc'>,</span> <span class='ocrx_word' id='word_1_252' title='bbox 180 2407 195 2433; x_wconf 89' lang='lat'><strong>¹</strong></span> <span class='ocrx_word' id='word_1_253' title='bbox 231 2407 588 2468; x_wconf 89' lang='lat' dir='ltr'>Paragraphus</span> <span class='ocrx_word' id='word_1_254' title='bbox 623 2411 828 2467; x_wconf 89' lang='lat' dir='ltr'>recepta</span> <span class='ocrx_word' id='word_1_255' title='bbox 864 2411 940 2454; x_wconf 91' lang='lat' dir='ltr'>est</span> <span class='ocrx_word' id='word_1_256' title='bbox 977 2422 1040 2453; x_wconf 83' lang='lat' dir='ltr'>ex</span> <span class='ocrx_word' id='word_1_257' title='bbox 1067 2422 1172 2468; x_wconf 89' lang='lat' dir='ltr'>cap.</span> <span class='ocrx_word' id='word_1_258' title='bbox 1202 2408 1412 2468; x_wconf 90' lang='lat' dir='ltr'>septimo</span> <span class='ocrx_word' id='word_1_259' title='bbox 1441 2405 1710 2452; x_wconf 86' lang='lat' dir='ltr'>schematis</span> <span class='ocrx_word' id='word_1_260' title='bbox 1738 2405 1798 2451; x_wconf 95' lang='lat' dir='ltr'>de</span> <span class='ocrx_word' id='word_1_261' title='bbox 1825 2404 2054 2451; x_wconf 90' lang='lat' dir='ltr'>doctrina</span> <span class='ocrx_word' id='word_1_262' title='bbox 2081 2403 2253 2450; x_wconf 84' lang='lat' dir='ltr'>catho-</span> 
     </span>
     <span class='ocr_line' id='line_1_29' title="bbox 29 2478 2251 2544; baseline -0.003 -14"><span class='ocrx_word' id='word_1_263' title='bbox 29 2483 146 2532; x_wconf 89' lang='lat' dir='ltr'>lica.</span> <span class='ocrx_word' id='word_1_264' title='bbox 196 2482 272 2542; x_wconf 79' lang='lat' dir='ltr'>(O.</span> <span class='ocrx_word' id='word_1_265' title='bbox 298 2483 359 2530; x_wconf 89' lang='lat' dir='ltr'>V.</span> <span class='ocrx_word' id='word_1_266' title='bbox 386 2483 526 2530; x_wconf 70' lang='lat'>5101&gt;</span> <span class='ocrx_word' id='word_1_267' title='bbox 555 2481 684 2544; x_wconf 90' lang='lat' dir='ltr'>sqq.)</span> <span class='ocrx_word' id='word_1_268' title='bbox 711 2511 771 2516; x_wconf 91' lang='lat'>——</span> <span class='ocrx_word' id='word_1_269' title='bbox 810 2481 950 2537; x_wconf 84' lang='lat' dir='ltr'>Quae</span> <span class='ocrx_word' id='word_1_270' title='bbox 988 2483 1052 2529; x_wconf 90' lang='lat' dir='ltr'>sit</span> <span class='ocrx_word' id='word_1_271' title='bbox 1089 2483 1320 2529; x_wconf 89' lang='lat' dir='ltr'>doctrina</span> <span class='ocrx_word' id='word_1_272' title='bbox 1355 2482 1603 2543; x_wconf 87' lang='lat' dir='ltr'>opposita,</span> <span class='ocrx_word' id='word_1_273' title='bbox 1644 2497 1792 2543; x_wconf 89' lang='lat' dir='ltr'>quam</span> <span class='ocrx_word' id='word_1_274' title='bbox 1828 2481 2081 2540; x_wconf 84' lang='lat' dir='ltr'>respiciat,</span> <span class='ocrx_word' id='word_1_275' title='bbox 2118 2495 2163 2526; x_wconf 86' lang='lat' dir='ltr'>v.</span> <span class='ocrx_word' id='word_1_276' title='bbox 2200 2478 2251 2524; x_wconf 91' lang='lat' dir='ltr'>in</span> 
     </span>
     <span class='ocr_line' id='line_1_30' title="bbox 37 2556 2253 2619; baseline -0.003 -12"><span class='ocrx_word' id='word_1_277' title='bbox 37 2560 283 2608; x_wconf 87' lang='lat' dir='ltr'>relatione</span> <span class='ocrx_word' id='word_1_278' title='bbox 318 2559 558 2618; x_wconf 88' lang='lat' dir='ltr'>Archiep.</span> <span class='ocrx_word' id='word_1_279' title='bbox 596 2558 954 2619; x_wconf 89' lang='lat' dir='ltr'>Strigoniensis</span> <span class='ocrx_word' id='word_1_280' title='bbox 992 2559 1066 2617; x_wconf 81' lang='lat' dir='ltr'>(C.</span> <span class='ocrx_word' id='word_1_281' title='bbox 1105 2559 1165 2606; x_wconf 93' lang='lat' dir='ltr'>V.</span> <span class='ocrx_word' id='word_1_282' title='bbox 1203 2557 1358 2617; x_wconf 69' lang='lat'>8712),</span> <span class='ocrx_word' id='word_1_283' title='bbox 1400 2559 1449 2604; x_wconf 90' lang='lat' dir='ltr'>in</span> <span class='ocrx_word' id='word_1_284' title='bbox 1487 2558 1734 2604; x_wconf 82' lang='lat' dir='ltr'>relatione</span> <span class='ocrx_word' id='word_1_285' title='bbox 1770 2557 1934 2616; x_wconf 86' lang='lat' dir='ltr'>Episc.</span> <span class='ocrx_word' id='word_1_286' title='bbox 1972 2556 2253 2603; x_wconf 88' lang='lat' dir='ltr'>Paderbor-</span> 
     </span>
     <span class='ocr_line' id='line_1_31' title="bbox 36 2633 2252 2696; baseline -0.002 -13"><span class='ocrx_word' id='word_1_287' title='bbox 36 2635 206 2683; x_wconf 89' lang='lat' dir='ltr'>nensis</span> <span class='ocrx_word' id='word_1_288' title='bbox 242 2633 318 2693; x_wconf 82' lang='lat' dir='ltr'>(O.</span> <span class='ocrx_word' id='word_1_289' title='bbox 355 2634 416 2681; x_wconf 91' lang='lat' dir='ltr'>V.</span> <span class='ocrx_word' id='word_1_290' title='bbox 457 2636 546 2680; x_wconf 88' lang='grc'>166</span> <span class='ocrx_word' id='word_1_291' title='bbox 564 2633 641 2692; x_wconf 89' lang='lat' dir='ltr'>d),</span> <span class='ocrx_word' id='word_1_292' title='bbox 685 2634 838 2695; x_wconf 89' lang='lat' dir='ltr'>idque</span> <span class='ocrx_word' id='word_1_293' title='bbox 874 2639 1114 2681; x_wconf 88' lang='lat' dir='ltr'>accurate</span> <span class='ocrx_word' id='word_1_294' title='bbox 1151 2639 1412 2696; x_wconf 90' lang='lat' dir='ltr'>exponunt</span> <span class='ocrx_word' id='word_1_295' title='bbox 1452 2634 1677 2692; x_wconf 83' lang='lat' dir='ltr'>theologi</span> <span class='ocrx_word' id='word_1_296' title='bbox 1723 2634 1772 2679; x_wconf 93' lang='lat' dir='ltr'>in</span> <span class='ocrx_word' id='word_1_297' title='bbox 1808 2633 2138 2679; x_wconf 85' lang='lat' dir='ltr'>adnotatione</span> <span class='ocrx_word' id='word_1_298' title='bbox 2180 2633 2252 2678; x_wconf 88' lang='grc'>16.</span> 
     </span>
     <span class='ocr_line' id='line_1_32' title="bbox 37 2707 2254 2771; baseline -0.002 -13"><span class='ocrx_word' id='word_1_299' title='bbox 37 2711 100 2758; x_wconf 90' lang='lat' dir='ltr'>ad</span> <span class='ocrx_word' id='word_1_300' title='bbox 137 2710 338 2758; x_wconf 90' lang='lat' dir='ltr'>schema</span> <span class='ocrx_word' id='word_1_301' title='bbox 375 2710 436 2756; x_wconf 93' lang='lat' dir='ltr'>de</span> <span class='ocrx_word' id='word_1_302' title='bbox 472 2710 701 2756; x_wconf 86' lang='lat' dir='ltr'>doctrina</span> <span class='ocrx_word' id='word_1_303' title='bbox 737 2710 987 2757; x_wconf 91' lang='lat' dir='ltr'>catholica</span> <span class='ocrx_word' id='word_1_304' title='bbox 1023 2710 1098 2769; x_wconf 78' lang='lat' dir='ltr'>(O.</span> <span class='ocrx_word' id='word_1_305' title='bbox 1135 2711 1196 2757; x_wconf 92' lang='lat' dir='ltr'>V.</span> <span class='ocrx_word' id='word_1_306' title='bbox 1234 2711 1371 2757; x_wconf 79' lang='lat' dir='ltr'>528b</span> <span class='ocrx_word' id='word_1_307' title='bbox 1411 2708 1563 2771; x_wconf 88' lang='lat' dir='ltr'>sqq.):</span> <span class='ocrx_word' id='word_1_308' title='bbox 1607 2709 1729 2768; x_wconf 86' lang='lat' dir='ltr'>„Hic</span> <span class='ocrx_word' id='word_1_309' title='bbox 1766 2708 2011 2754; x_wconf 87' lang='lat' dir='ltr'>articulus</span> <span class='ocrx_word' id='word_1_310' title='bbox 2048 2707 2254 2768; x_wconf 90' lang='lat' dir='ltr'>opponi-</span> 
     </span>
     <span class='ocr_line' id='line_1_33' title="bbox 36 2782 2268 2847; baseline -0.002 -14"><span class='ocrx_word' id='word_1_311' title='bbox 36 2789 122 2835; x_wconf 88' lang='lat' dir='ltr'>tur</span> <span class='ocrx_word' id='word_1_312' title='bbox 158 2786 344 2844; x_wconf 89' lang='lat' dir='ltr'>errori,</span> <span class='ocrx_word' id='word_1_313' title='bbox 393 2785 479 2846; x_wconf 91' lang='lat' dir='ltr'>qui</span> <span class='ocrx_word' id='word_1_314' title='bbox 526 2786 744 2846; x_wconf 91' lang='lat' dir='ltr'>speciem</span> <span class='ocrx_word' id='word_1_315' title='bbox 780 2786 982 2844; x_wconf 89' lang='lat' dir='ltr'>pietatis</span> <span class='ocrx_word' id='word_1_316' title='bbox 1030 2787 1334 2847; x_wconf 87' lang='lat' dir='ltr'>quandoque</span> <span class='ocrx_word' id='word_1_317' title='bbox 1382 2801 1643 2832; x_wconf 90' lang='lat' dir='ltr'>assumens</span> <span class='ocrx_word' id='word_1_318' title='bbox 1692 2799 1749 2830; x_wconf 92' lang='lat' dir='ltr'>eo</span> <span class='ocrx_word' id='word_1_319' title='bbox 1787 2784 1899 2845; x_wconf 91' lang='lat' dir='ltr'>plus</span> <span class='ocrx_word' id='word_1_320' title='bbox 1935 2783 2089 2831; x_wconf 87' lang='lat' dir='ltr'>habet</span> <span class='ocrx_word' id='word_1_321' title='bbox 2126 2782 2268 2844; x_wconf 87' lang='lat' dir='ltr'>peri-·</span> 
     </span>
     <span class='ocr_line' id='line_1_34' title="bbox 34 2860 2254 2924; baseline -0 -18"><span class='ocrx_word' id='word_1_322' title='bbox 34 2862 152 2909; x_wconf 81' lang='lat' dir='ltr'>culi.</span> <span class='ocrx_word' id='word_1_323' title='bbox 221 2861 363 2908; x_wconf 87' lang='lat' dir='ltr'>Inter</span> <span class='ocrx_word' id='word_1_324' title='bbox 409 2865 750 2922; x_wconf 87' lang='lat' dir='ltr'>protestantes</span> <span class='ocrx_word' id='word_1_325' title='bbox 796 2862 936 2921; x_wconf 90' lang='lat' dir='ltr'>illos,</span> <span class='ocrx_word' id='word_1_326' title='bbox 987 2863 1072 2924; x_wconf 90' lang='lat' dir='ltr'>qui</span> <span class='ocrx_word' id='word_1_327' title='bbox 1117 2862 1478 2909; x_wconf 84' lang='lat' dir='ltr'>revelationem</span> <span class='ocrx_word' id='word_1_328' title='bbox 1526 2861 1849 2907; x_wconf 87' lang='lat' dir='ltr'>christianam</span> <span class='ocrx_word' id='word_1_329' title='bbox 1901 2875 1952 2906; x_wconf 91' lang='lat' dir='ltr'>se</span> <span class='ocrx_word' id='word_1_330' title='bbox 1987 2860 2254 2906; x_wconf 89' lang='lat' dir='ltr'>admittere</span> 
     </span>
     <span class='ocr_line' id='line_1_35' title="bbox 37 2936 2257 3005; baseline -0.002 -20"><span class='ocrx_word' id='word_1_331' title='bbox 37 2937 365 2999; x_wconf 87' lang='lat' dir='ltr'>profitentur,</span> <span class='ocrx_word' id='word_1_332' title='bbox 414 2937 562 2983; x_wconf 90' lang='lat' dir='ltr'>multi</span> <span class='ocrx_word' id='word_1_333' title='bbox 598 2942 742 2997; x_wconf 88' lang='lat' dir='ltr'>sunt,</span> <span class='ocrx_word' id='word_1_334' title='bbox 792 2938 878 2999; x_wconf 92' lang='lat' dir='ltr'>qui</span> <span class='ocrx_word' id='word_1_335' title='bbox 914 2938 1113 2985; x_wconf 90' lang='lat' dir='ltr'>reiectis</span> <span class='ocrx_word' id='word_1_336' title='bbox 1151 2938 1367 2984; x_wconf 88' lang='lat' dir='ltr'>criteriis</span> <span class='ocrx_word' id='word_1_337' title='bbox 1405 2937 1468 2983; x_wconf 89' lang='lat' dir='ltr'>ad</span> <span class='ocrx_word' id='word_1_338' title='bbox 1504 2937 1910 3005; x_wconf 77' lang='lat' dir='ltr'>cognoscendum</span> <span class='ocrx_word' id='word_1_339' title='bbox 1959 2940 2007 2983; x_wconf 92' lang='lat' dir='ltr'>et</span> <span class='ocrx_word' id='word_1_340' title='bbox 2042 2936 2257 2996; x_wconf 86' lang='lat' dir='ltr'>proban-</span> 
     </span>
     <span class='ocr_line' id='line_1_36' title="bbox 41 3012 2254 3074; baseline -0.001 -15"><span class='ocrx_word' id='word_1_341' title='bbox 41 3012 157 3060; x_wconf 91' lang='lat' dir='ltr'>dum</span> <span class='ocrx_word' id='word_1_342' title='bbox 192 3013 385 3060; x_wconf 84' lang='lat' dir='ltr'>factum</span> <span class='ocrx_word' id='word_1_343' title='bbox 423 3013 751 3060; x_wconf 84' lang='lat' dir='ltr'>revelationis</span> <span class='ocrx_word' id='word_1_344' title='bbox 786 3014 996 3073; x_wconf 81' lang='lat' dir='ltr'>idoneiS,</span> <span class='ocrx_word' id='word_1_345' title='bbox 1032 3014 1179 3060; x_wconf 89' lang='lat' dir='ltr'>unice</span> <span class='ocrx_word' id='word_1_346' title='bbox 1213 3016 1492 3074; x_wconf 85' lang='lat' dir='ltr'>provocant</span> <span class='ocrx_word' id='word_1_347' title='bbox 1525 3014 1587 3059; x_wconf 91' lang='lat' dir='ltr'>ad</span> <span class='ocrx_word' id='word_1_348' title='bbox 1623 3014 1862 3059; x_wconf 75' lang='lat' dir='ltr'>internam</span> <span class='ocrx_word' id='word_1_349' title='bbox 1898 3013 2254 3073; x_wconf 74' lang='lat' dir='ltr'>experientiam,</span> 
     </span>
     <span class='ocr_line' id='line_1_37' title="bbox 40 3088 2257 3151; baseline -0.001 -16"><span class='ocrx_word' id='word_1_350' title='bbox 40 3088 104 3135; x_wconf 85' lang='lat' dir='ltr'>ad</span> <span class='ocrx_word' id='word_1_351' title='bbox 138 3104 322 3135; x_wconf 75' lang='lat' dir='ltr'>sensum</span> <span class='ocrx_word' id='word_1_352' title='bbox 371 3089 675 3150; x_wconf 67' lang='lat' dir='ltr'>reliyiosum,</span> <span class='ocrx_word' id='word_1_353' title='bbox 725 3090 787 3136; x_wconf 90' lang='lat' dir='ltr'>ad</span> <span class='ocrx_word' id='word_1_354' title='bbox 824 3090 1139 3136; x_wconf 76' lang='lat' dir='ltr'>testimonium</span> <span class='ocrx_word' id='word_1_355' title='bbox 1175 3091 1401 3151; x_wconf 71' lang='lat' dir='ltr'>spiritus,</span> <span class='ocrx_word' id='word_1_356' title='bbox 1454 3090 1515 3135; x_wconf 90' lang='lat' dir='ltr'>ad</span> <span class='ocrx_word' id='word_1_357' title='bbox 1562 3089 1891 3135; x_wconf 76' lang='lat' dir='ltr'>immediatam</span> <span class='ocrx_word' id='word_1_358' title='bbox 1926 3089 2257 3135; x_wconf 74' lang='lat' dir='ltr'>certitwlinem</span> 
     </span>
     <span class='ocr_line' id='line_1_38' title="bbox 34 3163 2257 3225; baseline -0 -16"><span class='ocrx_word' id='word_1_359' title='bbox 34 3163 166 3223; x_wconf 81' lang='lat' dir='ltr'>fidei.</span> <span class='ocrx_word' id='word_1_360' title='bbox 232 3164 470 3210; x_wconf 89' lang='lat' dir='ltr'>Valorem</span> <span class='ocrx_word' id='word_1_361' title='bbox 508 3165 682 3225; x_wconf 88' lang='lat' dir='ltr'>itaque</span> <span class='ocrx_word' id='word_1_362' title='bbox 717 3169 807 3211; x_wconf 91' lang='lat' dir='ltr'>aut</span> <span class='ocrx_word' id='word_1_363' title='bbox 842 3165 1195 3211; x_wconf 89' lang='lat' dir='ltr'>necessitatem</span> <span class='ocrx_word' id='word_1_364' title='bbox 1234 3167 1517 3211; x_wconf 76' lang='lat' dir='ltr'>moticorum</span> <span class='ocrx_word' id='word_1_365' title='bbox 1554 3164 1911 3221; x_wconf 75' lang='lat' dir='ltr'>credibilitatis,</span> <span class='ocrx_word' id='word_1_366' title='bbox 1950 3179 2079 3225; x_wconf 88' lang='lat' dir='ltr'>quae</span> <span class='ocrx_word' id='word_1_367' title='bbox 2115 3163 2257 3209; x_wconf 91' lang='lat' dir='ltr'>indu-</span> 
     </span>
     <span class='ocr_line' id='line_1_39' title="bbox 43 3240 2258 3302; baseline 0 -16"><span class='ocrx_word' id='word_1_368' title='bbox 43 3243 221 3287; x_wconf 89' lang='lat' dir='ltr'>cantur</span> <span class='ocrx_word' id='word_1_369' title='bbox 258 3255 321 3287; x_wconf 91' lang='lat' dir='ltr'>ex</span> <span class='ocrx_word' id='word_1_370' title='bbox 355 3241 640 3300; x_wconf 89' lang='lat' dir='ltr'>miraculis,</span> <span class='ocrx_word' id='word_1_371' title='bbox 676 3241 958 3301; x_wconf 89' lang='lat' dir='ltr'>prophetiis</span> <span class='ocrx_word' id='word_1_372' title='bbox 995 3241 1279 3302; x_wconf 84' lang='lat' dir='ltr'>adimpletis</span> <span class='ocrx_word' id='word_1_373' title='bbox 1318 3245 1435 3299; x_wconf 89' lang='lat' dir='ltr'>etc.,</span> <span class='ocrx_word' id='word_1_374' title='bbox 1483 3240 1562 3286; x_wconf 87' lang='lat' dir='ltr'>vel</span> <span class='ocrx_word' id='word_1_375' title='bbox 1600 3241 1802 3286; x_wconf 90' lang='lat' dir='ltr'>omnino</span> <span class='ocrx_word' id='word_1_376' title='bbox 1838 3243 2044 3300; x_wconf 87' lang='lat' dir='ltr'>negant,</span> <span class='ocrx_word' id='word_1_377' title='bbox 2083 3240 2161 3286; x_wconf 88' lang='lat' dir='ltr'>vel</span> <span class='ocrx_word' id='word_1_378' title='bbox 2199 3255 2258 3286; x_wconf 94' lang='lat' dir='ltr'>ea</span> 
     </span>
     <span class='ocr_line' id='line_1_40' title="bbox 25 3307 2258 3378; baseline 0 -17"><span class='ocrx_word' id='word_1_379' title='bbox 25 3307 199 3362; x_wconf 38' lang='lat' dir='ltr'>‘solum</span> <span class='ocrx_word' id='word_1_380' title='bbox 237 3317 513 3363; x_wconf 82' lang='lat' dir='ltr'>admittunt</span> <span class='ocrx_word' id='word_1_381' title='bbox 548 3321 787 3378; x_wconf 89' lang='lat' dir='ltr'>tanquam</span> <span class='ocrx_word' id='word_1_382' title='bbox 827 3317 1052 3363; x_wconf 88' lang='lat' dir='ltr'>subsidia</span> <span class='ocrx_word' id='word_1_383' title='bbox 1089 3317 1358 3378; x_wconf 89' lang='lat' dir='ltr'>quaedam,</span> <span class='ocrx_word' id='word_1_384' title='bbox 1397 3317 1438 3362; x_wconf 92' lang='lat' dir='ltr'>si</span> <span class='ocrx_word' id='word_1_385' title='bbox 1472 3316 1594 3363; x_wconf 92' lang='lat' dir='ltr'>fides</span> <span class='ocrx_word' id='word_1_386' title='bbox 1630 3318 1727 3362; x_wconf 88' lang='lat' dir='ltr'>iam</span> <span class='ocrx_word' id='word_1_387' title='bbox 1767 3317 2091 3377; x_wconf 79' lang='lat' dir='ltr'>supponitur3</span> <span class='ocrx_word' id='word_1_388' title='bbox 2140 3317 2258 3377; x_wconf 91' lang='lat' dir='ltr'>quia</span> 
     </span>
     <span class='ocr_line' id='line_1_41' title="bbox 17 3390 2257 3453; baseline 0 -15"><span class='ocrx_word' id='word_1_389' title='bbox 17 3390 118 3449; x_wconf 71' lang='lat' dir='ltr'>v(ut</span> <span class='ocrx_word' id='word_1_390' title='bbox 154 3391 315 3450; x_wconf 84' lang='lat' dir='ltr'>aiunt)</span> <span class='ocrx_word' id='word_1_391' title='bbox 350 3393 458 3452; x_wconf 92' lang='lat' dir='ltr'>ipsa</span> <span class='ocrx_word' id='word_1_392' title='bbox 494 3392 783 3440; x_wconf 91' lang='lat' dir='ltr'>huiusmodi</span> <span class='ocrx_word' id='word_1_393' title='bbox 817 3393 954 3439; x_wconf 90' lang='lat' dir='ltr'>facta</span> <span class='ocrx_word' id='word_1_394' title='bbox 977 3393 1074 3439; x_wconf 87' lang='lat' dir='ltr'>nisi</span> <span class='ocrx_word' id='word_1_395' title='bbox 1111 3409 1199 3453; x_wconf 89' lang='lat' dir='ltr'>per</span> <span class='ocrx_word' id='word_1_396' title='bbox 1233 3393 1378 3439; x_wconf 89' lang='lat' dir='ltr'>fidem</span> <span class='ocrx_word' id='word_1_397' title='bbox 1418 3393 1516 3439; x_wconf 91' lang='lat' dir='ltr'>iam</span> <span class='ocrx_word' id='word_1_398' title='bbox 1545 3393 1854 3453; x_wconf 89' lang='lat' dir='ltr'>suppositam</span> <span class='ocrx_word' id='word_1_399' title='bbox 1887 3393 2121 3453; x_wconf 88' lang='lat' dir='ltr'>cognosci</span> <span class='ocrx_word' id='word_1_400' title='bbox 2157 3407 2257 3438; x_wconf 90' lang='lat' dir='ltr'>non</span> 
     </span>
     <span class='ocr_line' id='line_1_42' title="bbox 42 3468 2259 3529; baseline 0 -15"><span class='ocrx_word' id='word_1_401' title='bbox 42 3472 268 3528; x_wconf 87' lang='lat' dir='ltr'>possunt.</span> <span class='ocrx_word' id='word_1_402' title='bbox 336 3469 445 3515; x_wconf 91' lang='lat' dir='ltr'>Iam</span> <span class='ocrx_word' id='word_1_403' title='bbox 491 3469 1066 3529; x_wconf 87' lang='lat' dir='ltr'>pseudo-reformatores</span> <span class='ocrx_word' id='word_1_404' title='bbox 1115 3470 1325 3516; x_wconf 84' lang='lat' dir='ltr'>verbum</span> <span class='ocrx_word' id='word_1_405' title='bbox 1371 3470 1466 3515; x_wconf 92' lang='lat' dir='ltr'>Dei</span> <span class='ocrx_word' id='word_1_406' title='bbox 1511 3470 1785 3529; x_wconf 89' lang='lat' dir='ltr'>genuinum</span> <span class='ocrx_word' id='word_1_407' title='bbox 1834 3485 1896 3515; x_wconf 89' lang='lat' dir='ltr'>ex</span> <span class='ocrx_word' id='word_1_408' title='bbox 1946 3468 2161 3529; x_wconf 86' lang='lat' dir='ltr'>‚sapore‘</span> <span class='ocrx_word' id='word_1_409' title='bbox 2210 3473 2259 3515; x_wconf 88' lang='lat' dir='ltr'>et</span> 
     </span>
     <span class='ocr_line' id='line_1_43' title="bbox 0 3541 2258 3608; baseline 0 -19"><span class='ocrx_word' id='word_1_410' title='bbox 0 3541 227 3608; x_wconf 56' lang='lat' dir='ltr'>4‚‚gustu‘</span> <span class='ocrx_word' id='word_1_411' title='bbox 276 3544 564 3590; x_wconf 90' lang='lat' dir='ltr'>discernere</span> <span class='ocrx_word' id='word_1_412' title='bbox 599 3548 936 3605; x_wconf 87' lang='lat' dir='ltr'>consuerunt,</span> <span class='ocrx_word' id='word_1_413' title='bbox 984 3546 1046 3591; x_wconf 89' lang='lat' dir='ltr'>ad</span> <span class='ocrx_word' id='word_1_414' title='bbox 1084 3560 1231 3605; x_wconf 92' lang='lat' dir='ltr'>quem</span> <span class='ocrx_word' id='word_1_415' title='bbox 1267 3544 1415 3590; x_wconf 86' lang='lat' dir='ltr'>finem</span> <span class='ocrx_word' id='word_1_416' title='bbox 1451 3545 1501 3590; x_wconf 92' lang='lat' dir='ltr'>in</span> <span class='ocrx_word' id='word_1_417' title='bbox 1537 3559 1844 3605; x_wconf 90' lang='lat' dir='ltr'>unoquoque</span> <span class='ocrx_word' id='word_1_418' title='bbox 1890 3544 2090 3590; x_wconf 85' lang='lat' dir='ltr'>homine</span> <span class='ocrx_word' id='word_1_419' title='bbox 2125 3544 2258 3591; x_wconf 87' lang='lat' dir='ltr'>fideli</span> 
     </span>
     <span class='ocr_line' id='line_1_44' title="bbox 17 3619 2256 3680; baseline 0.001 -16"><span class='ocrx_word' id='word_1_420' title='bbox 17 3619 298 3679; x_wconf 61' lang='lat' dir='ltr'>&lt;ponebant</span> <span class='ocrx_word' id='word_1_421' title='bbox 333 3619 677 3665; x_wconf 91' lang='lat' dir='ltr'>immediatum</span> <span class='ocrx_word' id='word_1_422' title='bbox 714 3621 1056 3666; x_wconf 90' lang='lat' dir='ltr'>testimonium</span> <span class='ocrx_word' id='word_1_423' title='bbox 1089 3620 1304 3680; x_wconf 78' lang='lat' dir='ltr'>Spiritus</span> <span class='ocrx_word' id='word_1_424' title='bbox 1332 3620 1517 3667; x_wconf 85' lang='lat' dir='ltr'>Sancti.</span> <span class='ocrx_word' id='word_1_425' title='bbox 1564 3620 1890 3666; x_wconf 88' lang='lat' dir='ltr'>Recentiores</span> <span class='ocrx_word' id='word_1_426' title='bbox 1927 3635 2046 3665; x_wconf 80' lang='lat' dir='ltr'>vero</span> <span class='ocrx_word' id='word_1_427' title='bbox 2085 3619 2256 3666; x_wconf 90' lang='lat' dir='ltr'>eadem</span> 
     </span>
     <span class='ocr_line' id='line_1_45' title="bbox 46 3694 2262 3757; baseline 0.001 -18"><span class='ocrx_word' id='word_1_428' title='bbox 46 3694 280 3740; x_wconf 92' lang='lat' dir='ltr'>methodo</span> <span class='ocrx_word' id='word_1_429' title='bbox 316 3698 516 3741; x_wconf 87' lang='lat' dir='ltr'>retenta</span> <span class='ocrx_word' id='word_1_430' title='bbox 551 3695 668 3741; x_wconf 92' lang='lat' dir='ltr'>huic</span> <span class='ocrx_word' id='word_1_431' title='bbox 700 3697 988 3742; x_wconf 88' lang='lat' dir='ltr'>testimonio</span> <span class='ocrx_word' id='word_1_432' title='bbox 1027 3696 1242 3757; x_wconf 87' lang='lat' dir='ltr'>Spiritus</span> <span class='ocrx_word' id='word_1_433' title='bbox 1280 3696 1451 3742; x_wconf 90' lang='lat' dir='ltr'>Sancti</span> <span class='ocrx_word' id='word_1_434' title='bbox 1487 3697 1784 3757; x_wconf 91' lang='lat' dir='ltr'>plerumque</span> <span class='ocrx_word' id='word_1_435' title='bbox 1822 3696 2139 3742; x_wconf 88' lang='lat' dir='ltr'>substituunt</span> <span class='ocrx_word' id='word_1_436' title='bbox 2174 3711 2262 3742; x_wconf 89' lang='lat' dir='ltr'>na-</span> 
     </span>
     <span class='ocr_line' id='line_1_46' title="bbox 21 3769 2257 3831; baseline 0.002 -18"><span class='ocrx_word' id='word_1_437' title='bbox 21 3769 259 3815; x_wconf 68' lang='lat' dir='ltr'>²turalem</span> <span class='ocrx_word' id='word_1_438' title='bbox 295 3784 480 3816; x_wconf 78' lang='lat' dir='ltr'>sensum</span> <span class='ocrx_word' id='word_1_439' title='bbox 517 3770 792 3830; x_wconf 67' lang='lat' dir='ltr'>reliyiosum</span> <span class='ocrx_word' id='word_1_440' title='bbox 828 3771 909 3817; x_wconf 89' lang='lat' dir='ltr'>vel</span> <span class='ocrx_word' id='word_1_441' title='bbox 943 3773 1260 3831; x_wconf 66' lang='lat' dir='ltr'>iudiyentiam</span> <span class='ocrx_word' id='word_1_442' title='bbox 1297 3773 1452 3817; x_wconf 76' lang='lat' dir='ltr'>animi</span> <span class='ocrx_word' id='word_1_443' title='bbox 1484 3772 1710 3831; x_wconf 70' lang='lat' dir='ltr'>religyiosi,</span> <span class='ocrx_word' id='word_1_444' title='bbox 1746 3786 1834 3830; x_wconf 91' lang='lat' dir='ltr'>per</span> <span class='ocrx_word' id='word_1_445' title='bbox 1873 3786 2020 3831; x_wconf 92' lang='lat' dir='ltr'>quem</span> <span class='ocrx_word' id='word_1_446' title='bbox 2058 3787 2257 3818; x_wconf 87' lang='lat' dir='ltr'>sensum</span> 
     </span>
     <span class='ocr_line' id='line_1_47' title="bbox 23 3841 2261 3906; baseline 0.001 -16"><span class='ocrx_word' id='word_1_447' title='bbox 23 3841 348 3904; x_wconf 76' lang='lat' dir='ltr'>2-immediate,</span> <span class='ocrx_word' id='word_1_448' title='bbox 388 3849 438 3892; x_wconf 93' lang='lat' dir='ltr'>et</span> <span class='ocrx_word' id='word_1_449' title='bbox 477 3845 595 3906; x_wconf 90' lang='lat' dir='ltr'>quin</span> <span class='ocrx_word' id='word_1_450' title='bbox 631 3847 817 3893; x_wconf 86' lang='lat' dir='ltr'>veritas</span> <span class='ocrx_word' id='word_1_451' title='bbox 853 3848 1080 3893; x_wconf 85' lang='lat' dir='ltr'>revelata</span> <span class='ocrx_word' id='word_1_452' title='bbox 1118 3862 1181 3892; x_wconf 90' lang='lat' dir='ltr'>ex</span> <span class='ocrx_word' id='word_1_453' title='bbox 1217 3847 1432 3893; x_wconf 91' lang='lat' dir='ltr'>criteriis</span> <span class='ocrx_word' id='word_1_454' title='bbox 1470 3847 1768 3893; x_wconf 80' lang='lat' dir='ltr'>extrinsecis</span> <span class='ocrx_word' id='word_1_455' title='bbox 1805 3847 1949 3894; x_wconf 90' lang='lat' dir='ltr'>nobis</span> <span class='ocrx_word' id='word_1_456' title='bbox 1985 3846 2073 3894; x_wconf 88' lang='lat' dir='ltr'>fiat</span> <span class='ocrx_word' id='word_1_457' title='bbox 2110 3848 2261 3894; x_wconf 79' lang='lat' dir='ltr'>credi-</span> 
     </span>
     <span class='ocr_line' id='line_1_48' title="bbox 21 3915 2262 3984; baseline 0.003 -22"><span class='ocrx_word' id='word_1_458' title='bbox 21 3941 26 3956; x_wconf 51' lang='lat' dir='ltr'><strong><em>s</em></strong></span> <span class='ocrx_word' id='word_1_459' title='bbox 48 3915 168 3979; x_wconf 83' lang='lat' dir='ltr'>bilis,</span> <span class='ocrx_word' id='word_1_460' title='bbox 203 3919 496 3981; x_wconf 87' lang='lat' dir='ltr'>religionem</span> <span class='ocrx_word' id='word_1_461' title='bbox 526 3921 850 3968; x_wconf 84' lang='lat' dir='ltr'>christianam</span> <span class='ocrx_word' id='word_1_462' title='bbox 876 3922 1243 3983; x_wconf 86' lang='lat' dir='ltr'>amplectamur</span> <span class='ocrx_word' id='word_1_463' title='bbox 1269 3926 1509 3983; x_wconf 87' lang='lat' dir='ltr'>tanquam</span> <span class='ocrx_word' id='word_1_464' title='bbox 1534 3937 1704 3968; x_wconf 83' lang='lat' dir='ltr'>veram</span> <span class='ocrx_word' id='word_1_465' title='bbox 1733 3925 1782 3968; x_wconf 92' lang='lat' dir='ltr'>et</span> <span class='ocrx_word' id='word_1_466' title='bbox 1808 3922 2042 3969; x_wconf 86' lang='lat' dir='ltr'>divinam.</span> <span class='ocrx_word' id='word_1_467' title='bbox 2083 3922 2262 3984; x_wconf 88' lang='lat' dir='ltr'>Neque</span> 
     </span>
    </p>
   </div>
   <div class='ocr_carea' id='block_1_8' title="bbox 1849 4000 1914 4040">
    <p class='ocr_par' dir='ltr' id='par_1_9' title="bbox 1849 4000 1914 4040">
     <span class='ocr_line' id='line_1_49' title="bbox 1849 4000 1914 4040; baseline 0 -17"><span class='ocrx_word' id='word_1_468' title='bbox 1849 4000 1914 4040; x_wconf 72' lang='lat' dir='ltr'>G*</span> 
     </span>
    </p>
   </div>
  </div>
 </body>
</html>
