2548 4290
258 114 361 166 108
681 115 796 154 Pars
831 113 892 154 II.
950 111 1107 155 Const.
1142 111 1197 154 de
1229 112 1454 155 Ecclesia.
1519 111 1631 167 Cap.
1663 113 1698 154 Ι.
1754 112 1870 155 Eius
1903 114 2109 155 historia.

248 260 526 313 excitatae
580 259 637 311 in
690 258 807 311 dies
864 276 986 311 cum
1039 258 1322 311 Ecclesiae
1379 257 1628 328 periculo
1681 262 2027 325 crescerent,
2088 275 2369 329 quumque
2424 259 2543 313 dis'..

247 344 465 411 cordia,
508 361 648 414 quae
690 344 835 396 inter
875 344 1023 414 ipsos
1066 343 1262 395 Patres
1305 346 1425 395 orta
1465 347 1615 412 erat,
1669 342 1836 396 rebus
1879 341 2126 396 Concilii⁴
2154 342 2393 397 feliciter
2434 362 2542 415 gea.

247 429 431 482 rendis
474 428 735 493 obstaret,
778 428 1043 498 permulti
1071 427 1270 480 Patres
1298 427 1475 496 ipsam
1505 427 1888 497 quaestionem
1916 426 2333 481 infallibilitatis
2362 446 2542 500 quam

247 513 484 584 primum
527 513 964 583 aggrediendam
1008 530 1127 566 esse
1170 511 1489 579 censebant,
1541 515 1602 564 ut
1643 518 1708 565 ea
1749 512 1932 566 soluta
1971 517 2331 584 tempestates
2371 514 2527 569 seda-

243 604 435 651 rentur
464 605 518 651 et
546 598 743 652 Patres
770 598 1023 652 unanimi
1054 597 1245 651 labore
1286 597 1484 650 ceteris
1525 597 1764 667 negotiis
1793 616 2020 668 operam
2064 597 2276 652 darent.
2328 600 2527 671 Itaque

243 684 401 737 initio
443 685 646 737 mensis
688 684 872 737 Martii
916 683 1178 754 permulti
1218 683 1414 735 Patres
1456 683 1769 753 complures
1824 684 2084 753 epistolas
2126 684 2196 737 ad
2238 684 2526 739 Summum

243 770 574 824 Pontificem
634 770 725 824 vel
782 770 851 823 ad
893 768 1219 822 Cardinales
1259 768 1553 822 Praesides
1614 768 1703 821 vel
1754 768 1826 821 ad
1868 769 2526 840 Congregationem‘exa

243 855 551 925 pendendis
593 855 824 908 Patrum
867 854 1332 925 postulationibus
1363 853 1655 921 dederunt,
1697 854 1895 924 quibus
1930 854 2213 925 petebant,
2254 860 2315 908 ut
2359 873 2525 927 quae-

240 941 346 994 sti'o
387 941 802 994 infallibilitatis
844 941 1031 994 statim
1074 943 1253 1011 atque
1283 945 1413 993 ante
1456 946 1647 993 omnes
1689 940 1823 993 alias
1864 947 2272 1012 proponeretur
2296 941 2525 996 1..Con-

239 1031 326 1079 tra
378 1027 476 1080 hos
528 1033 629 1081 sex
669 1026 867 1080 Patres
909 1026 1248 1095 Hungarici,
1308 1026 1400 1096 qui
1454 1026 1505 1078 ei
1558 1026 1869 1096 quaestioni
1922 1027 2123 1080 multas
2168 1026 2525 1082 difficultates

240 1112 418 1165 inesse
449 1113 736 1184 putabant,
780 1113 1015 1183 epistola
1044 1112 1115 1165 ad
1144 1113 1385 1183 primum
1427 1111 1752 1165 Praesidem
1795 1111 1924 1165 data
1964 1113 2263 1184 petierunt,
2309 1120 2403 1181 „ut
2430 1156 2439 1167 .
2471 1156 2483 1169 .
2515 1118 2526 1167 .

239 1197 506 1251 discussio
560 1198 900 1269 quaestionis
952 1198 1077 1251 talis
1130 1198 1186 1250 in
1228 1197 1367 1250 illud
1408 1203 1627 1268 tempus
1668 1197 1988 1266 differatur,
2049 1216 2157 1269 quo
2198 1204 2323 1270 post
2365 1217 2525 1270 prae-s

239 1284 464 1338 missum
506 1284 979 1337 accuratissimum
1036 1289 1090 1336 et
1131 1301 1426 1354 operosum
1468 1287 1706 1336 examen
1748 1283 1944 1337 Patres
1985 1284 2138 1337 sicut
2168 1287 2405 1353 omneS,
2451 1284 2526 1339 ita

237 1369 442 1439 singuli
484 1369 553 1422 ad
595 1375 780 1440 partes
823 1369 1135 1464 conciliaiis
1177 1387 1308 1423 suae
1349 1369 1656 1422 vocationis
1707 1369 2020 1440 implendas
2061 1369 2248 1423 debite
2290 1373 2524 1442 praepa-

239 1456 344 1507 rati
385 1455 626 1508 fuerint“
651 1454 688 1509 ².

386 1541 463 1594 Ut
503 1539 709 1612 supra3
749 1541 1114 1607 narravimus,
1158 1539 1209 1592 d.
1245 1541 1327 1592 14.
1357 1539 1544 1592 Martii
1573 1540 1798 1594 schema
1828 1540 2253 1595 Constitutionis
2283 1541 2351 1595 de
2393 1541 2519 1610 fide,

234 1646 269 1680 a
310 1627 570 1680 Patribus
612 1628 894 1699 deputatis
929 1627 1330 1691 reformatum,
1381 1626 1637 1679 omnibus
1677 1627 2248 1681 Patribustraditum
2289 1627 2445 1698 eiusq
2461 1645 2519 1681 ie

237 1712 502 1766 discussio
556 1712 605 1765 d.
652 1715 735 1766 18.
777 1712 966 1766 Martii
1020 1713 1245 1783 incepta
1297 1717 1407 1778 est,
1462 1730 1632 1782 quum
1676 1712 2155 1783 Congregationes
2208 1713 2518 1784 gener'aIeS,

235 1816 378 1869 quae
418 1798 547 1852 inde
585 1817 620 1852 a
662 1798 710 1853 d'.
753 1800 839 1852 22.
882 1798 1175 1852 Februarii
1219 1798 1451 1851 omissae
1508 1803 1692 1864 erant,
1744 1805 2179 1853 resumerentur.
2256 1797 2340 1852 Eo
2382 1805 2519 1852 tein-

235 1902 369 1954 pore
412 1884 494 1950 iis,
537 1885 630 1954 qui
671 1885 967 1954 petierant,
1010 1889 1070 1936 ut
1111 1884 1298 1936 statim
1340 1883 1591 1954 quaestio
1634 1883 2050 1938 infallibilitatis
2091 1890 2518 1956 proponeretur,

234 1969 563 2023 Cardinales
604 1969 901 2022 Praesides
953 1970 1213 2039 privatim
1265 1969 1684 2040 promiserunt,
1723 1988 1845 2023 eam
1897 1976 2022 2042 post
2061 1970 2372 2024 absolutam
2404 1989 2462 2041 p
2471 1971 2522 2023 i-

233 2075 379 2109 mam
423 2056 890 2109 Constitutionem
933 2056 1000 2109 de
1042 2056 1151 2109 fide
1193 2056 1572 2109 introductum
1612 2056 1740 2110 iri4.

388 2142 684 2214 „Episcopi
729 2141 995 2211 [autem],
1039 2142 1132 2213 qui
1175 2159 1246 2194 ex
1288 2141 1522 2195 adverso
1565 2142 1852 2209 stabant,“
1909 2148 1971 2195 ut
2021 2148 2210 2195 narrat
2260 2161 2404 2196 unus
2446 2161 2518 2197 εΧ

235 2228 316 2293 iis,
360 2228 452 2298 qui
495 2227 804 2281 doctrinam
847 2227 1259 2280 infallibilitatis
1301 2227 1695 2282 mox'definiri
1734 2227 2001 2281 volebant
2019 2228 2057 2297 ⁵,
2118 2228 2367 2296 „nullum
2408 2247 2518 2282 ncn

232 2313 532 2367 movebant
570 2313 831 2384 lapidem,
873 2319 934 2366 ut
974 2313 1310 2384 impedirent
1352 2320 1797 2383 praeposteram,
1851 2320 1912 2366 ut
1952 2313 2193 2383 aiebant,
2236 2315 2518 2368 tractatio-

232 2417 378 2465 nem,
419 2399 830 2469 instabantque,
872 2405 932 2450 ut
972 2403 1163 2452 totum
1192 2399 1416 2451 schema
1458 2398 1525 2451 de
1561 2398 1813 2452 Ecclesia
1841 2399 2045 2453 Christi
2084 2399 2390 2453 secundum
2432 2418 2462 2454 o
2486 2420 2517 2438 ’ὲ

230 2484 419 2537 dinem
461 2485 804 2554 propositum
846 2489 1207 2552 tractaretur,
1260 2484 1578 2554 incipiendo
1620 2503 1652 2538 a
1693 2485 1874 2556 capite
1917 2486 2093 2555 primo
2115 2503 2133 2537 :·
2185 2485 2514 2553 ,Ecclesiam

231 2588 350 2623 esse
382 2587 581 2641 corpus
612 2569 817 2623 Christi
846 2571 1178 2642 mysticum‘.
1234 2570 1396 2632 Quod
1426 2571 1469 2623 si
1499 2570 1707 2624 factum
1738 2578 1900 2639 esset,
1930 2571 2237 2641 periculum
2267 2576 2403 2639 erat,
2444 2589 2513 2626 ne

230 2661 399 2725 caput
426 2656 782 2709 undecimum
813 2657 900 2721 ,de
929 2656 1180 2710 Romano
1204 2656 1750 2711 Pontifiee‘omnino
1770 2657 2219 2711 ‚examinandum
2248 2675 2371 2711 non·
2389 2676 2514 2728 pr(-

230 2748 549 2811 poneretur.
615 2742 759 2795 Nam
802 2742 1157 2796 Cardinalem
1198 2743 1343 2796 Bilio
1386 2742 1689 2796 adversarii
1729 2743 2065 2797 definitionis
2106 2743 2224 2797 fere
2266 2742 2513 2814 quotidie

230 2827 489 2895 adibant,
545 2833 634 2896 ut,
689 2828 836 2899 quod
877 2828 1169 2896 volebant,
1228 2829 1562 2882 obtinerent.
1608 2829 1810 2882 ⁴Hunc
1852 2829 2093 2900 denique
2134 2847 2276 2881 unus
2318 2846 2389 2882 ex
2430 2829 2512 2897 iis,

229 2913 323 2983 qui
366 2914 748 2967 definitionem
791 2914 1109 2986 cupiebant,
1135 2915 1415 2967 'convenit
1456 2915 1746 2986 petiitque,
1789 2921 1866 2983 ut,
1909 2914 2319 2968 infallibilitatis
2348 2932 2512 2985 quae-

226 2999 406 3052 stione
450 3000 506 3052 in
548 2999 861 3052 Concilium
902 3000 1245 3068 introducta,
1301 3000 1526 3053 tandem
1571 3001 1715 3054 bono
1758 3001 2044 3054 Ecclesiae
2097 3005 2151 3054 et
2191 3000 2356 3053 salut-i
2396 3001 2512 3053 ani-

230 3102 443 3137 marum
499 3085 670 3138 vellet
730 3086 1020 3139 consulere
1072 3086 1380 3156 Patresque
1446 3092 1559 3139 tam
1612 3088 1770 3155 gravi
1825 3085 2199 3140 sollicitudine
2254 3085 2510 3139 liberare.

227 3169 385 3222 Illius
428 3171 767 3240 quaestionis
807 3172 1195 3224 tractationem
1236 3172 1353 3224 sine
1383 3190 1585 3241 magno
1629 3173 1879 3239 periculo
1911 3172 2117 3224 diutius
2147 3170 2358 3224 differri
2398 3190 2508 3225 non

229 3257 422 3325 posse,
484 3256 582 3308 sed
623 3256 819 3310 saltem
872 3262 1009 3328 post'
1048 3258 1284 3328 primam
1327 3264 1543 3328 partem
1588 3258 2011 3311 Constitutionis
2065 3257 2133 3310 de
2173 3257 2282 3311 fide
2324 3258 2508 3311 catho-

225 3341 362 3407 lica,
419 3341 574 3394 cuius
617 3341 925 3412 disquisitio
980 3343 1035 3394 in
1078 3342 1530 3413 Congregatione
1582 3344 1833 3413 generali
1885 3349 2014 3396 ante
2055 3343 2272 3396 Pascha
2322 3343 2507 3396 termi-

228 3426 413 3478 nanda
455 3431 616 3491 esset,
660 3428 897 3498 proponi
940 3427 1164 3482 debere.
1245 3428 1560 3499 Respondit
1600 3429 1794 3495 EffluS,
1834 3447 1867 3481 a
1908 3427 2298 3482 Cardinalibus
2337 3427 2507 3481 Prae--

225 3511 436 3564 sidibus
480 3512 765 3565 decretum
809 3530 945 3580 esse,
987 3518 1048 3564 ut
1084 3513 1269 3566 statim
1298 3520 1702 3585 proponeretur
1731 3512 1956 3567 schema
1984 3513 2198 3585 ,capitis
2226 3500 2488 3574 addendi?

226 3614 407 3666 neque
450 3597 602 3668 prius
645 3597 712 3650 de
743 3597 992 3650 Primatu
1037 3598 1179 3668 (cap.
1211 3599 1336 3661 XI.)
1380 3599 1642 3652 discussio
1685 3599 2000 3652 haberetur.
2054 3598 2251 3670 Itaque
2280 3598 2496 3668 ab'ipsc

382 3796 705 3845 ¹Postulata
744 3802 842 3845 etc.
914 3797 970 3846 C.
1008 3798 1071 3844 V.
1110 3800 1251 3846 9681>
1291 3815 1399 3862 sqq.
1473 3798 1552 3847 Cf.
1591 3800 1668 3846 Ex
1711 3799 1909 3847 diurnis
1944 3806 2040 3848 etc.
2112 3799 2167 3848 C.
2207 3800 2269 3848 V.
2312 3801 2500 3850 1697d.

375 3872 391 3899 ²
429 3872 701 3922 Postulata
738 3879 835 3922 etc.
910 3875 964 3923 C
1004 3875 1065 3922 V.
1104 3877 1132 3921 9
1107 3877 1199 3922 ιὶ73
1222 3875 1251 3922 (1
1289 3892 1400 3939 sqq.
1584 3875 1600 3902 3
1632 3877 1695 3924 P.
1738 3878 1834 3925 17.

373 3949 507 3997 Ex
545 3952 743 3999 diurnis
782 3957 878 4001 etc.
951 3952 1005 4000 C.
1046 3953 1107 4001 V.
1152 3955 1274 4001 1697
1293 3953 1338 4001 d.
1523 3954 1708 4003 ⁵Ibid.
1781 3954 1836 4003 C.
1875 3955 1935 4002 V.
1979 3956 2150 4004 1697d
2188 3971 2299 4019 sqq.
