2548 4290
0 147 5 150 ·
0 112 8 127 ι.
0 3 10 83 ἰιι-ιιΙἾ

40 123 49 137 «“
45 103 55 107 1
36 70 54 83 :1⁴
31 0 76 57 ‘affl

58 113 66 121 ’ν
51 35 77 97 ‘eu-z
71 0 86 27 ΕΑ

294 150 537 192 Commeat.
571 150 626 191 V.
682 148 857 191 Summi
887 149 1122 191 Pontificis
1156 155 1357 204 potestas
1390 162 1468 191 cur
1499 150 1687 192 dicenda
1719 151 2003 204 episcopalis.
2162 151 2259 201 155

53 293 405 348 commissum.
480 291 579 343 Est
619 309 749 360 ergo
790 296 1028 361 potestas
1068 292 1387 345 universalis
1435 298 1488 345 et
1538 293 1809 346 ordinaria
1858 298 1912 346 et
1948 293 2263 345 immediata

51 378 107 432 in
143 380 312 428 totum
340 392 581 443 gregem,
622 375 724 427 hoc
750 380 846 438 est,
887 375 941 426 in
971 393 1156 427 omnes
1184 393 1353 444 agnos
1381 380 1435 427 et
1462 393 1605 441 oves,
1647 393 1740 427 seu
1779 377 1833 427 in
1874 393 2058 428 omnes
2097 376 2261 443 parti-

52 458 310 512 cularium
364 458 712 510 ecclesiarum
767 464 1012 526 pastores
1066 464 1120 510 et
1179 458 1383 511 fideles.
1472 458 1617 510 Hinc
1671 460 1871 527 liquet,
1939 463 2261 527 potestatem

50 558 353 610 supremam
404 540 662 609 pascendi
712 541 1025 592 universum
1080 540 1279 593 Christi
1329 558 1553 610 gregem
1604 541 1659 592 in
1697 541 1944 593 Romano
1996 541 2260 593 Pontifice

50 640 175 678 vere
214 640 330 676 esse
371 624 753 692 episcopalem,
794 642 901 676 non
943 629 1123 675 autem
1154 624 1545 693 primatialem3
1587 642 1691 693 quo
1723 625 1864 676 enim
1894 624 2024 676 haec
2053 624 2262 693 phrasis

49 711 280 777 spectet,
322 706 613 775 exponitur
653 707 708 757 in
749 706 1098 759 adnotatione
1139 707 1208 758 ad
1246 707 1391 758 hunc
1431 708 1610 759 locum
1649 708 1704 757 in
1744 707 2014 758 schemate
2055 706 2121 758 de
2162 706 2262 758 Ec-

50 791 209 843 clesia
250 789 496 842 Christi.“
523 789 540 821 ¹
621 789 885 855 „Veniam
926 789 1057 843 dent
1109 808 1247 841 unus
1304 795 1396 841 aut
1449 791 1587 842 alter
1626 790 1748 841 Rffii
1788 789 2029 854 PatreS,“
2088 790 2263 858 inquit

48 873 211 928 Rffius
250 873 347 926 Pie
387 873 442 923 in
480 872 744 925 relatione
787 872 852 925 de
892 877 1005 924 toto
1046 873 1319 924 schemate
1363 873 1548 925 habita
1570 872 1606 938 ²,
1664 874 1739 938 „si
1779 890 1887 924 vox
1926 873 2018 924 illa
2047 877 2264 940 potestas

47 955 409 1010 iurisdictionis
446 956 763 1025 episcopales,
804 973 942 1024 quae
984 956 1237 1007 Pontifici
1276 956 1524 1008 Romano
1565 962 1769 1008 asserta
1808 957 1862 1007 in
1903 954 2261 1007 adnotationi-

49 1040 146 1094 bus
195 1039 571 1107 praecedentis
610 1040 896 1091 schematis
946 1040 1122 1091 minus
1170 1040 1473 1108 placuerat,
1529 1040 1585 1091 in
1636 1045 1849 1092 textum
1889 1040 2066 1109 ipsum
2110 1037 2260 1090 sche-

48 1123 203 1177 matis
242 1123 403 1175 revisi
443 1122 609 1174 fuerit
647 1122 885 1176 inducta.
944 1122 1103 1174 Ratio
1145 1128 1241 1188 est,
1281 1129 1396 1174 tum
1423 1123 1548 1192 quia
1587 1123 1932 1192 postularunt
1971 1121 2107 1173 illud
2146 1122 2261 1190 plu-

46 1205 166 1259 rimi
204 1205 295 1258 alii
335 1206 545 1272 PatreS,
587 1206 652 1257 de
693 1211 835 1257 statu
876 1206 1075 1257 actuali
1116 1207 1515 1258 controversiae
1555 1207 1611 1257 in
1650 1207 1758 1258 suis
1786 1205 2101 1274 respectivis
2141 1222 2262 1273 pro-

46 1288 233 1341 vinciis
287 1288 458 1341 solide
516 1306 578 1340 ac
633 1306 815 1357 presse
870 1289 1224 1355 disserenteS,
1284 1295 1396 1340 tum
1451 1290 1576 1358 quia
1626 1291 2001 1341 auctoritatem
2055 1288 2262 1340 Summi

46 1372 322 1425 Pontificis
363 1389 424 1424 ac
457 1372 663 1424 Vicarii
706 1372 905 1424 Christi
945 1373 999 1423 in
1041 1390 1254 1424 omnem
1295 1372 1597 1424 Ecclesiam
1637 1391 1745 1425 non
1787 1372 2071 1424 dumtaxat
2109 1371 2261 1422 indo-

46 1454 151 1510 lem
190 1456 461 1507 Primatus
511 1456 893 1524 metropolitici
947 1456 1203 1507 divinitus
1244 1457 1499 1523 instituti,
1551 1457 1645 1508 sed
1694 1468 1944 1508 naturam
1992 1456 2264 1523 pastoralis

49 1543 101 1591 et
137 1537 259 1591 ideo
298 1539 589 1607 episcopalis
627 1538 1010 1590 iurisdictionis
1050 1556 1180 1608 prae
1222 1556 1278 1591 se
1319 1539 1486 1604 ferre,
1539 1541 1650 1590 sive
1693 1557 1763 1591 ex
1802 1540 2044 1608 ipsismet
2083 1537 2262 1589 verbis

51 1620 248 1675 Christi
287 1622 398 1674 sive
440 1639 467 1674 e
496 1621 786 1674 traditione
817 1627 870 1674 et
898 1623 1122 1674 historia
1151 1623 1448 1675 certissima
1477 1622 1723 1674 doctrina
1762 1623 2046 1674 evincitur.
2104 1620 2262 1680 Quod

49 1705 264 1775 quidem
304 1705 465 1774 pleno
507 1723 598 1758 ore
638 1705 803 1757 asseri
843 1723 904 1757 ac
944 1706 1269 1775 proclamari
1302 1706 1473 1774 gavisi
1514 1724 1696 1758 sumus
1736 1724 1765 1757 a
1805 1723 1912 1757 non
1952 1722 2059 1756 uno
2101 1703 2261 1755 etiam

50 1805 119 1841 ex
156 1788 305 1840 Rffiis
344 1788 625 1854 Patribus,
667 1789 757 1857 qui
797 1789 916 1841 aliis
957 1789 1180 1840 huiusce
1223 1790 1529 1858 propositae
1572 1789 1981 1841 Constitutionis
2022 1786 2263 1856 partibus

50 1888 156 1924 non
195 1872 269 1924 ita
308 1872 577 1924 faverunt.
630 1872 699 1923 Et
737 1890 927 1940 reapse
957 1890 1064 1923 vox
1104 1872 1199 1924 illa
1238 1873 1401 1924 etiam
1429 1873 1573 1942 apud
1613 1879 1895 1938 nostrateS,
1938 1890 1985 1922 v.
2025 1889 2075 1939 g.
2117 1869 2263 1939 apud

50 1953 409 2020 Gersonium,
452 1956 553 2007 hoc
594 1955 757 2007 etiam
808 1974 968 2007 sensu
1024 1956 1131 2008 iam
1173 1955 1263 2006 diu
1316 1956 1417 2007 fuit
1455 1957 1763 2023 usurpata.“
1845 1956 2031 2024 Aliqui
2081 1960 2261 2006 autem

49 2037 238 2091 Patres
276 2039 331 2090 in
372 2039 701 2090 discussione
744 2039 966 2108 speciali
1009 2039 1198 2108 capitis
1238 2056 1424 2091 vocem
1466 2040 1583 2090 tolli
1623 2037 1930 2091 volebant3.
1995 2038 2151 2090 Unus
2192 2054 2262 2088 ex

48 2121 112 2173 iis
161 2122 424 2174 breviter:
492 2122 649 2188 „Vox
697 2123 1048 2191 episcopalis“,
1107 2122 1310 2191 inquit,
1373 2129 1592 2192 „utpote
1645 2122 1918 2187 inaudita,
1979 2122 2158 2189 pravis
2210 2127 2263 2172 et

49 2205 362 2275 periculosis
401 2206 937 2275 interpretationibus
977 2206 1180 2271 favenS,
1229 2206 1444 2258 omnino
1485 2206 1789 2258 eradatur.“
1813 2205 1831 2235 4
1905 2205 2040 2257 Eam
2081 2211 2262 2256 tamen

49 2289 388 2342 retinendam
429 2307 546 2342 esse
588 2292 796 2342 censuit
838 2291 1117 2359 deputatio
1138 2290 1174 2342 ⁵.
1253 2289 1317 2341 In
1359 2290 1623 2342 relatione
1667 2291 1781 2342 eius
1821 2290 2034 2341 nomine
2078 2289 2262 2340 habita

49 2371 214 2425 Rffius
253 2373 433 2443 Episc.
474 2374 790 2426 Tarvisinus
831 2375 898 2426 de
939 2375 1044 2426 illis
1070 2373 1539 2426 emendationibus
1569 2375 1702 2425 haec
1732 2373 2007 2425 disseritb':
2055 2373 2262 2438 „Quae-

49 2457 183 2508 ritur
222 2457 404 2525 igitur,
446 2475 584 2526 quae
625 2459 691 2509 sit
732 2457 1026 2509 iurisdictio
1068 2457 1408 2527 episcopalis,
1468 2457 1725 2526 Episcopi
1765 2462 1844 2508 est
1882 2474 2104 2526 pascere
2145 2474 2263 2524 gre-

49 2556 202 2608 gem:
253 2540 404 2591 nulla
442 2544 585 2591 enim
627 2541 798 2609 magis
841 2540 1122 2593 familiaris
1162 2540 1285 2593 idea
1325 2541 1601 2608 regiminis
1644 2540 1966 2608 episcopalis
2006 2539 2061 2589 in
2101 2539 2263 2589 sacris

49 2621 262 2685 Literis,
302 2623 356 2673 in
396 2623 622 2675 Patrum
662 2623 941 2693 operibUS,
997 2624 1050 2674 in
1091 2642 1190 2675 usu
1233 2624 1471 2675 omnium
1512 2624 1940 2688 christianorum,
1983 2640 2142 2690 quam
2181 2638 2263 2672 re-

50 2711 395 2774 praesentare
434 2706 764 2776 Episcopum
818 2707 987 2759 veluti
1038 2711 1341 2775 pastorem,
1398 2706 1488 2775 qui
1539 2707 1710 2775 pascit
1767 2723 2007 2774 gregem.
2084 2705 2263 2755 Pascit

48 2796 227 2841 autem
267 2789 569 2859 Episcopus
620 2796 730 2841 tam
770 2789 1033 2842 exercitio
1086 2790 1367 2857 potestatis
1422 2788 1624 2840 ordinis
1665 2807 1824 2857 quam
1864 2787 2262 2839 iurisdictionis

48 2871 187 2924 Nam
228 2872 544 2924 exercitium
585 2873 867 2941 potestatis
908 2871 1109 2924 ordinis
1148 2872 1362 2923 nonnisi
1403 2872 1456 2922 in
1497 2872 1738 2924 subditos
1778 2877 1956 2940 potest
1996 2872 2141 2922 licite
2171 2871 2262 2922 ha-

50 2953 175 3007 bere
214 2955 411 3007 locum.
489 2955 745 3025 Episcopi
785 2956 951 3024 igitur
991 2955 1287 3007 iurisdictio
1329 2955 1398 3006 ad
1438 2972 1503 3006 ea
1541 2955 1855 3024 peragenda
1898 2972 1952 3005 se
1995 2954 2259 3019 extendit,

49 3054 185 3107 quae
238 3039 545 3090 necessaria
595 3044 753 3105 sunt,
818 3044 877 3090 ut
927 3038 1114 3090 fideles
1166 3039 1331 3089 vitam
1382 3045 1659 3090 aeternam
1718 3042 2145 3107 consequantur3
2202 3055 2263 3088 ac

49 3121 274 3189 proinde
327 3121 489 3174 debet
527 3121 858 3191 Episcopus:
916 3126 960 3174 1.
1001 3122 1378 3173 administrare
1420 3127 1783 3186 sacramenta,
1836 3124 1883 3173 2.
1926 3121 2074 3189 leges
2121 3120 2262 3172 ferre

49 3203 116 3256 ad
155 3204 354 3256 bonum
394 3205 661 3268 fidelium3
704 3207 752 3256 3.
794 3205 1106 3257 executioni
1145 3205 1383 3273 ipsarum
1421 3205 1708 3273 invigilare
1749 3205 1861 3256 sive
1889 3222 1985 3273 per
2026 3204 2261 3271 seipsum

4 3287 9 3290 ”
48 3286 160 3338 sive
199 3305 298 3356 per
353 3288 662 3356 delegatos,
705 3291 753 3339 4.
808 3295 860 3339 et
900 3288 1127 3356 proinde
1183 3288 1399 3340 visitare
1452 3288 1768 3352 dioecesim3
1827 3290 1874 3339 5.
1916 3287 2261 3356 praedicare,

50 3370 97 3420 6.
138 3370 377 3423 iudicare
418 3372 838 3435 controversias3
881 3374 927 3424 7.
969 3371 1161 3440 punire
1202 3376 1383 3422 sontes
1425 3377 1524 3424 etc.
1603 3370 1758 3424 Haec
1799 3377 1851 3423 et
1890 3371 2085 3422 similia
2125 3387 2264 3421 com-

48 3453 456 3520 prehenduntur
496 3455 551 3506 in
590 3455 757 3507 verbo
789 3472 1007 3523 pascere.
1084 3456 1158 3506 At
1196 3454 1330 3506 haec
1370 3455 1672 3523 Episcopus
1718 3472 1825 3506 non
1864 3459 2042 3523 potest
2081 3453 2261 3505 facere

49 3536 150 3587 nisi
188 3537 285 3588 sub
327 3537 694 3607 dependentia
735 3538 1009 3589 Pontificis
1052 3537 1274 3590 Summi.
1332 3538 1486 3589 Haec
1527 3544 1706 3590 autem
1748 3537 2115 3606 dependentia
2155 3555 2261 3588 non

53 3624 132 3670 est
171 3620 273 3671 nisi
311 3620 560 3672 limitatio
603 3621 988 3672 iurisdictionis
1029 3621 1369 3689 episcopalis,
1423 3677 1427 3680 ,

197 3800 208 3824 ¹
247 3800 307 3847 V.
334 3816 486 3861 supra
512 3817 555 3861 p.
583 3802 685 3847 154.
768 3800 782 3826 ²
809 3800 863 3848 O.
882 3800 1052 3848 V.295
1069 3801 1114 3848 b.
1142 3816 1181 3848 c.
1254 3799 1268 3826 ³
1295 3801 1685 3847 Emendationes
1713 3805 1806 3848 etc.
1847 3799 1900 3848 O.
1920 3800 1980 3847 V.
2002 3802 2136 3847 3370
2155 3815 2263 3862 sqq.

195 3874 212 3901 ⁴
249 3875 455 3923 Emend.
500 3877 570 3922 15.
609 3877 638 3923 l.
676 3892 716 3923 c.
821 3875 836 3901 ⁵
874 3876 951 3922 Ex
988 3876 1112 3923 actis
1151 3880 1245 3923 etc.
1294 3875 1348 3923 O.
1375 3877 1433 3923 V.
1466 3879 1645 3922 mesia.
1760 3875 1776 3901 ὃ
1814 3874 1867 3922 C.
1905 3875 1965 3923 V.
1992 3876 2130 3922 351a
2155 3891 2262 3936 sqq.
