<?xml version="1.0" encoding="UTF-8"?>
<!DOCTYPE html PUBLIC "-//W3C//DTD XHTML 1.0 Transitional//EN"
    "http://www.w3.org/TR/xhtml1/DTD/xhtml1-transitional.dtd">
<html xmlns="http://www.w3.org/1999/xhtml" xml:lang="en" lang="en">
 <head>
  <title>
</title>
<meta http-equiv="Content-Type" content="text/html;charset=utf-8" />
  <meta name='ocr-system' content='tesseract 3.04.00' />
  <meta name='ocr-capabilities' content='ocr_page ocr_carea ocr_par ocr_line ocrx_word'/>
</head>
<body>
  <div class='ocr_page' id='page_1' title='image "a584483100granuoft_0015.png"; bbox 0 0 2548 4290; ppageno 0'>
   <div class='ocr_carea' id='block_1_1' title="bbox 714 927 1646 1042">
    <p class='ocr_par' dir='ltr' id='par_1_1' title="bbox 714 927 1646 1042">
     <span class='ocr_line' id='line_1_1' title="bbox 714 927 1646 1042; baseline -0.004 -2"><span class='ocrx_word' id='word_1_1' title='bbox 714 927 1646 1042; x_wconf 77' lang='lat' dir='ltr'>PROLEGOMENA.</span> 
     </span>
    </p>
   </div>
   <div class='ocr_carea' id='block_1_2' title="bbox 1149 1269 1201 1336">
    <p class='ocr_par' dir='ltr' id='par_1_2' title="bbox 1149 1269 1201 1336">
     <span class='ocr_line' id='line_1_2' title="bbox 1149 1269 1201 1336; baseline 0 0"><span class='ocrx_word' id='word_1_2' title='bbox 1149 1269 1201 1336; x_wconf 87' lang='lat' dir='ltr'>I.</span> 
     </span>
    </p>
   </div>
   <div class='ocr_carea' id='block_1_3' title="bbox 71 1412 2290 1590">
    <p class='ocr_par' dir='ltr' id='par_1_3' title="bbox 71 1412 2290 1590">
     <span class='ocr_line' id='line_1_3' title="bbox 71 1412 2290 1501; baseline -0.003 -13"><span class='ocrx_word' id='word_1_3' title='bbox 71 1417 264 1501; x_wconf 84' lang='lat' dir='ltr'>Quem</span> <span class='ocrx_word' id='word_1_4' title='bbox 317 1418 600 1488; x_wconf 82' lang='lat' dir='ltr'>ordinem</span> <span class='ocrx_word' id='word_1_5' title='bbox 664 1418 1013 1488; x_wconf 83' lang='lat' dir='ltr'>Concilium</span> <span class='ocrx_word' id='word_1_6' title='bbox 1061 1416 1452 1487; x_wconf 80' lang='lat' dir='ltr'>Vaticanum</span> <span class='ocrx_word' id='word_1_7' title='bbox 1509 1414 1575 1484; x_wconf 95' lang='lat' dir='ltr'>in</span> <span class='ocrx_word' id='word_1_8' title='bbox 1625 1412 1970 1483; x_wconf 80' lang='lat' dir='ltr'>condendis</span> <span class='ocrx_word' id='word_1_9' title='bbox 2021 1412 2290 1482; x_wconf 78' lang='lat' dir='ltr'>decretis</span> 
     </span>
     <span class='ocr_line' id='line_1_4' title="bbox 987 1520 1366 1590; baseline -0.005 0"><span class='ocrx_word' id='word_1_10' title='bbox 987 1520 1366 1590; x_wconf 86' lang='lat' dir='ltr'>servaverit.</span> 
     </span>
    </p>
   </div>
   <div class='ocr_carea' id='block_1_4' title="bbox 20 1652 2293 3725">
    <p class='ocr_par' dir='ltr' id='par_1_4' title="bbox 67 1652 2290 1826">
     <span class='ocr_line' id='line_1_5' title="bbox 157 1653 2289 1726; baseline -0.001 -20"><span class='ocrx_word' id='word_1_11' title='bbox 157 1654 207 1705; x_wconf 90' lang='lat' dir='ltr'>N</span> <span class='ocrx_word' id='word_1_12' title='bbox 236 1654 477 1709; x_wconf 83' lang='lat' dir='ltr'>Concilio</span> <span class='ocrx_word' id='word_1_13' title='bbox 506 1656 772 1710; x_wconf 86' lang='lat' dir='ltr'>Vaticano</span> <span class='ocrx_word' id='word_1_14' title='bbox 815 1658 882 1709; x_wconf 89' lang='lat' dir='ltr'>ad</span> <span class='ocrx_word' id='word_1_15' title='bbox 924 1676 1024 1722; x_wconf 78' lang='lat' dir='ltr'>reS,</span> <span class='ocrx_word' id='word_1_16' title='bbox 1066 1674 1203 1726; x_wconf 91' lang='lat' dir='ltr'>quae</span> <span class='ocrx_word' id='word_1_17' title='bbox 1245 1654 1707 1725; x_wconf 76' lang='lat' dir='ltr'>proponebantur,</span> <span class='ocrx_word' id='word_1_18' title='bbox 1750 1653 2141 1705; x_wconf 82' lang='lat' dir='ltr'>examinandas</span> <span class='ocrx_word' id='word_1_19' title='bbox 2169 1670 2289 1721; x_wconf 89' lang='lat' dir='ltr'>pro-</span> 
     </span>
     <span class='ocr_line' id='line_1_6' title="bbox 67 1652 2290 1826; baseline -0 -37"><span class='ocrx_word' id='word_1_20' title='bbox 67 1652 152 1826; x_wconf 85' lang='grc' dir='ltr'>Ι</span> <span class='ocrx_word' id='word_1_21' title='bbox 192 1737 451 1808; x_wconf 89' lang='lat' dir='ltr'>batasque</span> <span class='ocrx_word' id='word_1_22' title='bbox 502 1741 820 1793; x_wconf 78' lang='lat' dir='ltr'>sanciendas</span> <span class='ocrx_word' id='word_1_23' title='bbox 864 1741 1093 1809; x_wconf 89' lang='lat' dir='ltr'>duplicis</span> <span class='ocrx_word' id='word_1_24' title='bbox 1134 1739 1348 1808; x_wconf 89' lang='lat' dir='ltr'>generis</span> <span class='ocrx_word' id='word_1_25' title='bbox 1391 1738 1631 1789; x_wconf 88' lang='lat' dir='ltr'>omnium</span> <span class='ocrx_word' id='word_1_26' title='bbox 1671 1738 1894 1788; x_wconf 84' lang='lat' dir='ltr'>Patrum</span> <span class='ocrx_word' id='word_1_27' title='bbox 1949 1736 2290 1788; x_wconf 81' lang='lat' dir='ltr'>habebantur</span> 
     </span>
    </p>

    <p class='ocr_par' dir='ltr' id='par_1_5' title="bbox 63 1822 2293 2459">
     <span class='ocr_line' id='line_1_7' title="bbox 191 1822 2290 1893; baseline 0 -21"><span class='ocrx_word' id='word_1_28' title='bbox 191 1838 500 1875; x_wconf 88' lang='lat' dir='ltr'>consessus:</span> <span class='ocrx_word' id='word_1_29' title='bbox 546 1824 1011 1893; x_wconf 85' lang='lat' dir='ltr'>Congregationes</span> <span class='ocrx_word' id='word_1_30' title='bbox 1051 1824 1334 1891; x_wconf 82' lang='lat' dir='ltr'>generales</span> <span class='ocrx_word' id='word_1_31' title='bbox 1377 1827 1429 1873; x_wconf 91' lang='lat' dir='ltr'>et</span> <span class='ocrx_word' id='word_1_32' title='bbox 1471 1822 1749 1872; x_wconf 83' lang='lat' dir='ltr'>Sessiones</span> <span class='ocrx_word' id='word_1_33' title='bbox 1790 1822 2039 1890; x_wconf 89' lang='lat' dir='ltr'>publicae</span> <span class='ocrx_word' id='word_1_34' title='bbox 2081 1822 2166 1872; x_wconf 87' lang='lat' dir='ltr'>vel</span> <span class='ocrx_word' id='word_1_35' title='bbox 2209 1839 2290 1873; x_wconf 89' lang='lat' dir='ltr'>so-</span> 
     </span>
     <span class='ocr_line' id='line_1_8' title="bbox 66 1900 2290 1976; baseline 0.002 -25"><span class='ocrx_word' id='word_1_36' title='bbox 66 1900 288 1955; x_wconf 79' lang='lat' dir='ltr'>lemnes.</span> <span class='ocrx_word' id='word_1_37' title='bbox 340 1905 403 1956; x_wconf 92' lang='lat' dir='ltr'>In</span> <span class='ocrx_word' id='word_1_38' title='bbox 444 1906 567 1970; x_wconf 77' lang='lat' dir='ltr'>illis,</span> <span class='ocrx_word' id='word_1_39' title='bbox 609 1925 746 1976; x_wconf 88' lang='lat' dir='ltr'>quae</span> <span class='ocrx_word' id='word_1_40' title='bbox 775 1908 1013 1976; x_wconf 87' lang='lat' dir='ltr'>quinque</span> <span class='ocrx_word' id='word_1_41' title='bbox 1044 1905 1422 1958; x_wconf 87' lang='lat' dir='ltr'>Cardinalibus</span> <span class='ocrx_word' id='word_1_42' title='bbox 1458 1904 1798 1973; x_wconf 78' lang='lat' dir='ltr'>praesidibus</span> <span class='ocrx_word' id='word_1_43' title='bbox 1831 1905 2058 1972; x_wconf 90' lang='lat' dir='ltr'>singulis</span> <span class='ocrx_word' id='word_1_44' title='bbox 2087 1905 2290 1956; x_wconf 89' lang='lat' dir='ltr'>hebdo-</span> 
     </span>
     <span class='ocr_line' id='line_1_9' title="bbox 66 1985 2290 2057; baseline 0.002 -22"><span class='ocrx_word' id='word_1_45' title='bbox 66 1985 236 2037; x_wconf 88' lang='lat' dir='ltr'>madis</span> <span class='ocrx_word' id='word_1_46' title='bbox 255 1989 580 2055; x_wconf 88' lang='lat' dir='ltr'>compluries</span> <span class='ocrx_word' id='word_1_47' title='bbox 599 1991 785 2042; x_wconf 91' lang='lat' dir='ltr'>haberi</span> <span class='ocrx_word' id='word_1_48' title='bbox 808 1991 1070 2054; x_wconf 89' lang='lat' dir='ltr'>solebant,</span> <span class='ocrx_word' id='word_1_49' title='bbox 1100 1989 1293 2040; x_wconf 81' lang='lat' dir='ltr'>Patres</span> <span class='ocrx_word' id='word_1_50' title='bbox 1314 2006 1398 2040; x_wconf 89' lang='lat' dir='ltr'>res</span> <span class='ocrx_word' id='word_1_51' title='bbox 1421 1988 1725 2057; x_wconf 88' lang='lat' dir='ltr'>propositas</span> <span class='ocrx_word' id='word_1_52' title='bbox 1748 1987 2110 2040; x_wconf 75' lang='lat' dir='ltr'>discutiebant</span> <span class='ocrx_word' id='word_1_53' title='bbox 2128 1993 2290 2056; x_wconf 87' lang='lat' dir='ltr'>atque</span> 
     </span>
     <span class='ocr_line' id='line_1_10' title="bbox 64 2067 2290 2142; baseline 0.003 -24"><span class='ocrx_word' id='word_1_54' title='bbox 64 2067 186 2120; x_wconf 88' lang='lat' dir='ltr'>latis</span> <span class='ocrx_word' id='word_1_55' title='bbox 224 2070 494 2140; x_wconf 87' lang='lat' dir='ltr'>suffragiis</span> <span class='ocrx_word' id='word_1_56' title='bbox 533 2075 621 2125; x_wconf 87' lang='lat' dir='ltr'>vel</span> <span class='ocrx_word' id='word_1_57' title='bbox 656 2074 1030 2142; x_wconf 86' lang='lat' dir='ltr'>approbabant</span> <span class='ocrx_word' id='word_1_58' title='bbox 1056 2074 1142 2124; x_wconf 85' lang='lat' dir='ltr'>vel</span> <span class='ocrx_word' id='word_1_59' title='bbox 1182 2072 1496 2124; x_wconf 88' lang='lat' dir='ltr'>reiciebant.</span> <span class='ocrx_word' id='word_1_60' title='bbox 1552 2070 1923 2139; x_wconf 82' lang='lat' dir='ltr'>Quaecunque</span> <span class='ocrx_word' id='word_1_61' title='bbox 1951 2072 2290 2136; x_wconf 85' lang='lat' dir='ltr'>reiiciebant,</span> 
     </span>
     <span class='ocr_line' id='line_1_11' title="bbox 66 2153 2293 2226; baseline 0.002 -23"><span class='ocrx_word' id='word_1_62' title='bbox 66 2169 131 2204; x_wconf 90' lang='lat' dir='ltr'>ea</span> <span class='ocrx_word' id='word_1_63' title='bbox 169 2153 641 2223; x_wconf 84' lang='lat' dir='ltr'>relinquebantur3</span> <span class='ocrx_word' id='word_1_64' title='bbox 687 2157 904 2209; x_wconf 88' lang='lat' dir='ltr'>decreta</span> <span class='ocrx_word' id='word_1_65' title='bbox 933 2157 1235 2226; x_wconf 87' lang='lat' dir='ltr'>approbata</span> <span class='ocrx_word' id='word_1_66' title='bbox 1263 2158 1316 2206; x_wconf 91' lang='lat' dir='ltr'>in</span> <span class='ocrx_word' id='word_1_67' title='bbox 1347 2156 1596 2207; x_wconf 83' lang='lat' dir='ltr'>Sessione</span> <span class='ocrx_word' id='word_1_68' title='bbox 1638 2154 1872 2222; x_wconf 87' lang='lat' dir='ltr'>publica,</span> <span class='ocrx_word' id='word_1_69' title='bbox 1916 2156 1999 2205; x_wconf 86' lang='lat' dir='ltr'>cui</span> <span class='ocrx_word' id='word_1_70' title='bbox 2041 2163 2293 2224; x_wconf 85' lang='lat' dir='ltr'>praeerat</span> 
     </span>
     <span class='ocr_line' id='line_1_12' title="bbox 63 2235 2291 2307; baseline 0.003 -22"><span class='ocrx_word' id='word_1_71' title='bbox 63 2235 178 2303; x_wconf 90' lang='lat' dir='ltr'>ipse</span> <span class='ocrx_word' id='word_1_72' title='bbox 207 2236 456 2290; x_wconf 82' lang='lat' dir='ltr'>Summus</span> <span class='ocrx_word' id='word_1_73' title='bbox 486 2239 761 2304; x_wconf 82' lang='lat' dir='ltr'>Pontifex,</span> <span class='ocrx_word' id='word_1_74' title='bbox 804 2241 1096 2293; x_wconf 88' lang='lat' dir='ltr'>solemnius</span> <span class='ocrx_word' id='word_1_75' title='bbox 1137 2239 1409 2307; x_wconf 82' lang='lat' dir='ltr'>suffragiis</span> <span class='ocrx_word' id='word_1_76' title='bbox 1437 2238 1878 2302; x_wconf 87' lang='lat' dir='ltr'>subiiciebantur,</span> <span class='ocrx_word' id='word_1_77' title='bbox 1921 2245 1979 2288; x_wconf 92' lang='lat' dir='ltr'>ut</span> <span class='ocrx_word' id='word_1_78' title='bbox 2019 2240 2291 2307; x_wconf 86' lang='lat' dir='ltr'>suffragiis</span> 
     </span>
     <span class='ocr_line' id='line_1_13' title="bbox 65 2317 2290 2393; baseline 0.003 -25"><span class='ocrx_word' id='word_1_79' title='bbox 65 2317 253 2371; x_wconf 90' lang='lat' dir='ltr'>ultimo</span> <span class='ocrx_word' id='word_1_80' title='bbox 295 2339 325 2372; x_wconf 90' lang='lat' dir='ltr'>a</span> <span class='ocrx_word' id='word_1_81' title='bbox 363 2322 616 2375; x_wconf 87' lang='lat' dir='ltr'>Patribus</span> <span class='ocrx_word' id='word_1_82' title='bbox 663 2324 962 2393; x_wconf 87' lang='lat' dir='ltr'>approbata</span> <span class='ocrx_word' id='word_1_83' title='bbox 1001 2342 1031 2374; x_wconf 91' lang='lat' dir='ltr'>a</span> <span class='ocrx_word' id='word_1_84' title='bbox 1070 2324 1290 2375; x_wconf 81' lang='lat' dir='ltr'>Summo</span> <span class='ocrx_word' id='word_1_85' title='bbox 1331 2322 1595 2374; x_wconf 83' lang='lat' dir='ltr'>Pontifice</span> <span class='ocrx_word' id='word_1_86' title='bbox 1638 2321 2087 2373; x_wconf 82' lang='lat' dir='ltr'>confirmarentur</span> <span class='ocrx_word' id='word_1_87' title='bbox 2126 2329 2290 2391; x_wconf 89' lang='lat' dir='ltr'>atque</span> 
     </span>
     <span class='ocr_line' id='line_1_14' title="bbox 66 2400 1331 2459; baseline 0.005 -7"><span class='ocrx_word' id='word_1_88' title='bbox 66 2400 476 2457; x_wconf 88' lang='lat' dir='ltr'>Constitutionis</span> <span class='ocrx_word' id='word_1_89' title='bbox 517 2407 820 2459; x_wconf 90' lang='lat' dir='ltr'>conciliaris</span> <span class='ocrx_word' id='word_1_90' title='bbox 858 2408 967 2458; x_wconf 81' lang='lat' dir='ltr'>vim</span> <span class='ocrx_word' id='word_1_91' title='bbox 1008 2408 1331 2458; x_wconf 86' lang='lat' dir='ltr'>obtinerent.</span> 
     </span>
    </p>

    <p class='ocr_par' dir='ltr' id='par_1_6' title="bbox 20 2485 2290 3725">
     <span class='ocr_line' id='line_1_15' title="bbox 209 2485 2289 2558; baseline 0.002 -22"><span class='ocrx_word' id='word_1_92' title='bbox 209 2485 611 2556; x_wconf 85' lang='lat' dir='ltr'>Theologorum</span> <span class='ocrx_word' id='word_1_93' title='bbox 653 2490 917 2542; x_wconf 89' lang='lat' dir='ltr'>minorum</span> <span class='ocrx_word' id='word_1_94' title='bbox 960 2508 1266 2555; x_wconf 82' lang='lat' dir='ltr'>consessuS,</span> <span class='ocrx_word' id='word_1_95' title='bbox 1309 2489 1495 2558; x_wconf 85' lang='lat' dir='ltr'>quales</span> <span class='ocrx_word' id='word_1_96' title='bbox 1537 2489 1752 2541; x_wconf 87' lang='lat' dir='ltr'>fuerant</span> <span class='ocrx_word' id='word_1_97' title='bbox 1792 2490 1842 2540; x_wconf 91' lang='lat' dir='ltr'>in</span> <span class='ocrx_word' id='word_1_98' title='bbox 1885 2489 2128 2541; x_wconf 84' lang='lat' dir='ltr'>Concilio</span> <span class='ocrx_word' id='word_1_99' title='bbox 2171 2490 2289 2541; x_wconf 79' lang='lat' dir='ltr'>Tri-</span> 
     </span>
     <span class='ocr_line' id='line_1_16' title="bbox 66 2566 2289 2641; baseline 0.003 -24"><span class='ocrx_word' id='word_1_100' title='bbox 66 2566 340 2635; x_wconf 82' lang='lat' dir='ltr'>dentino1,</span> <span class='ocrx_word' id='word_1_101' title='bbox 380 2571 434 2622; x_wconf 91' lang='lat' dir='ltr'>in</span> <span class='ocrx_word' id='word_1_102' title='bbox 474 2572 742 2625; x_wconf 88' lang='lat' dir='ltr'>Vaticano</span> <span class='ocrx_word' id='word_1_103' title='bbox 781 2592 889 2625; x_wconf 91' lang='lat' dir='ltr'>non</span> <span class='ocrx_word' id='word_1_104' title='bbox 930 2571 1336 2637; x_wconf 76' lang='lat' dir='ltr'>habebantur²3</span> <span class='ocrx_word' id='word_1_105' title='bbox 1378 2573 1472 2623; x_wconf 91' lang='lat' dir='ltr'>sed</span> <span class='ocrx_word' id='word_1_106' title='bbox 1512 2578 1637 2624; x_wconf 90' lang='lat' dir='ltr'>ante</span> <span class='ocrx_word' id='word_1_107' title='bbox 1677 2574 1953 2641; x_wconf 86' lang='lat' dir='ltr'>inceptum</span> <span class='ocrx_word' id='word_1_108' title='bbox 1984 2572 2289 2624; x_wconf 83' lang='lat' dir='ltr'>Concilium</span> 
     </span>
     <span class='ocr_line' id='line_1_17' title="bbox 65 2649 2290 2725; baseline 0.004 -25"><span class='ocrx_word' id='word_1_109' title='bbox 65 2649 389 2704; x_wconf 87' lang='lat' dir='ltr'>Vaticanum</span> <span class='ocrx_word' id='word_1_110' title='bbox 418 2655 693 2707; x_wconf 87' lang='lat' dir='ltr'>schemata</span> <span class='ocrx_word' id='word_1_111' title='bbox 722 2674 905 2708; x_wconf 89' lang='lat' dir='ltr'>earum</span> <span class='ocrx_word' id='word_1_112' title='bbox 935 2675 1131 2721; x_wconf 87' lang='lat' dir='ltr'>rerum,</span> <span class='ocrx_word' id='word_1_113' title='bbox 1163 2675 1292 2725; x_wconf 88' lang='lat' dir='ltr'>quas</span> <span class='ocrx_word' id='word_1_114' title='bbox 1323 2655 1574 2707; x_wconf 81' lang='lat' dir='ltr'>Summus</span> <span class='ocrx_word' id='word_1_115' title='bbox 1602 2656 1861 2709; x_wconf 83' lang='lat' dir='ltr'>Pontifex</span> <span class='ocrx_word' id='word_1_116' title='bbox 1891 2655 2137 2708; x_wconf 86' lang='lat' dir='ltr'>Concilio</span> <span class='ocrx_word' id='word_1_117' title='bbox 2167 2675 2290 2724; x_wconf 90' lang='lat' dir='ltr'>pro-</span> 
     </span>
     <span class='ocr_line' id='line_1_18' title="bbox 65 2735 2288 2809; baseline 0.003 -25"><span class='ocrx_word' id='word_1_118' title='bbox 65 2735 193 2802; x_wconf 92' lang='lat' dir='ltr'>poni</span> <span class='ocrx_word' id='word_1_119' title='bbox 220 2737 454 2804; x_wconf 84' lang='lat' dir='ltr'>volebat,</span> <span class='ocrx_word' id='word_1_120' title='bbox 484 2757 514 2790; x_wconf 90' lang='lat' dir='ltr'>a</span> <span class='ocrx_word' id='word_1_121' title='bbox 543 2740 867 2808; x_wconf 87' lang='lat' dir='ltr'>specialibus</span> <span class='ocrx_word' id='word_1_122' title='bbox 896 2741 1277 2809; x_wconf 86' lang='lat' dir='ltr'>theologorum</span> <span class='ocrx_word' id='word_1_123' title='bbox 1307 2746 1360 2792; x_wconf 94' lang='lat' dir='ltr'>et</span> <span class='ocrx_word' id='word_1_124' title='bbox 1388 2741 1790 2791; x_wconf 86' lang='lat' dir='ltr'>canonistarum</span> <span class='ocrx_word' id='word_1_125' title='bbox 1821 2740 2288 2792; x_wconf 85' lang='lat' dir='ltr'>commissionibus</span> 
     </span>
     <span class='ocr_line' id='line_1_19' title="bbox 66 2818 2290 2893; baseline 0.004 -25"><span class='ocrx_word' id='word_1_126' title='bbox 66 2818 414 2886; x_wconf 88' lang='lat' dir='ltr'>parabantur,</span> <span class='ocrx_word' id='word_1_127' title='bbox 455 2828 615 2890; x_wconf 88' lang='lat' dir='ltr'>atque</span> <span class='ocrx_word' id='word_1_128' title='bbox 657 2829 714 2874; x_wconf 91' lang='lat' dir='ltr'>ut</span> <span class='ocrx_word' id='word_1_129' title='bbox 754 2842 833 2889; x_wconf 86' lang='lat' dir='ltr'>ea,</span> <span class='ocrx_word' id='word_1_130' title='bbox 876 2825 1018 2875; x_wconf 90' lang='lat' dir='ltr'>circa</span> <span class='ocrx_word' id='word_1_131' title='bbox 1059 2842 1195 2893; x_wconf 90' lang='lat' dir='ltr'>quae</span> <span class='ocrx_word' id='word_1_132' title='bbox 1225 2825 1415 2875; x_wconf 80' lang='lat' dir='ltr'>Patres</span> <span class='ocrx_word' id='word_1_133' title='bbox 1456 2824 1509 2874; x_wconf 93' lang='lat' dir='ltr'>in</span> <span class='ocrx_word' id='word_1_134' title='bbox 1550 2823 2083 2892; x_wconf 89' lang='lat' dir='ltr'>Congregationibus</span> <span class='ocrx_word' id='word_1_135' title='bbox 2123 2841 2290 2892; x_wconf 84' lang='lat' dir='ltr'>gene-</span> 
     </span>
     <span class='ocr_line' id='line_1_20' title="bbox 65 2901 2289 2974; baseline 0.004 -23"><span class='ocrx_word' id='word_1_136' title='bbox 65 2901 266 2954; x_wconf 89' lang='lat' dir='ltr'>ralibus</span> <span class='ocrx_word' id='word_1_137' title='bbox 293 2904 435 2955; x_wconf 90' lang='lat' dir='ltr'>inter</span> <span class='ocrx_word' id='word_1_138' title='bbox 463 2923 518 2957; x_wconf 87' lang='lat' dir='ltr'>se</span> <span class='ocrx_word' id='word_1_139' title='bbox 547 2924 654 2957; x_wconf 88' lang='lat' dir='ltr'>non</span> <span class='ocrx_word' id='word_1_140' title='bbox 681 2908 1094 2974; x_wconf 82' lang='lat' dir='ltr'>conveniebant,</span> <span class='ocrx_word' id='word_1_141' title='bbox 1124 2907 1421 2960; x_wconf 87' lang='lat' dir='ltr'>secundum</span> <span class='ocrx_word' id='word_1_142' title='bbox 1451 2908 1676 2958; x_wconf 82' lang='lat' dir='ltr'>l&#39;atrum</span> <span class='ocrx_word' id='word_1_143' title='bbox 1713 2914 1837 2959; x_wconf 89' lang='lat' dir='ltr'>vota</span> <span class='ocrx_word' id='word_1_144' title='bbox 1866 2907 2289 2959; x_wconf 89' lang='lat' dir='ltr'>emendarentur</span> 
     </span>
     <span class='ocr_line' id='line_1_21' title="bbox 66 2988 2289 3060; baseline 0.003 -25"><span class='ocrx_word' id='word_1_145' title='bbox 66 2990 119 3035; x_wconf 91' lang='lat' dir='ltr'>et</span> <span class='ocrx_word' id='word_1_146' title='bbox 146 2988 433 3040; x_wconf 89' lang='lat' dir='ltr'>emendata</span> <span class='ocrx_word' id='word_1_147' title='bbox 459 2989 636 3042; x_wconf 89' lang='lat' dir='ltr'>denuo</span> <span class='ocrx_word' id='word_1_148' title='bbox 665 2996 1117 3059; x_wconf 87' lang='lat' dir='ltr'>proponerentur,</span> <span class='ocrx_word' id='word_1_149' title='bbox 1159 2997 1388 3060; x_wconf 89' lang='lat' dir='ltr'>quatuor</span> <span class='ocrx_word' id='word_1_150' title='bbox 1421 2991 1575 3042; x_wconf 90' lang='lat' dir='ltr'>initio</span> <span class='ocrx_word' id='word_1_151' title='bbox 1607 2991 1835 3043; x_wconf 89' lang='lat' dir='ltr'>Concilii</span> <span class='ocrx_word' id='word_1_152' title='bbox 1866 2992 2289 3043; x_wconf 88' lang='lat' dir='ltr'>instituebantur</span> 
     </span>
     <span class='ocr_line' id='line_1_22' title="bbox 66 3066 2289 3144; baseline 0.004 -25"><span class='ocrx_word' id='word_1_153' title='bbox 66 3066 476 3137; x_wconf 88' lang='lat' dir='ltr'>deputationes:</span> <span class='ocrx_word' id='word_1_154' title='bbox 532 3091 627 3142; x_wconf 90' lang='lat' dir='ltr'>pro</span> <span class='ocrx_word' id='word_1_155' title='bbox 668 3075 828 3125; x_wconf 90' lang='lat' dir='ltr'>rebus</span> <span class='ocrx_word' id='word_1_156' title='bbox 869 3075 937 3125; x_wconf 88' lang='lat' dir='ltr'>ad</span> <span class='ocrx_word' id='word_1_157' title='bbox 975 3074 1135 3126; x_wconf 83' lang='lat' dir='ltr'>fidem</span> <span class='ocrx_word' id='word_1_158' title='bbox 1176 3075 1590 3143; x_wconf 86' lang='lat' dir='ltr'>pertinentibus,</span> <span class='ocrx_word' id='word_1_159' title='bbox 1631 3094 1727 3143; x_wconf 90' lang='lat' dir='ltr'>pro</span> <span class='ocrx_word' id='word_1_160' title='bbox 1769 3075 1931 3126; x_wconf 88' lang='lat' dir='ltr'>rebus</span> <span class='ocrx_word' id='word_1_161' title='bbox 1973 3075 2289 3144; x_wconf 80' lang='lat' dir='ltr'>disciplinae</span> 
     </span>
     <span class='ocr_line' id='line_1_23' title="bbox 66 3151 2290 3226; baseline 0.004 -25"><span class='ocrx_word' id='word_1_162' title='bbox 66 3151 488 3221; x_wconf 89' lang='lat' dir='ltr'>ecclesiasticae,</span> <span class='ocrx_word' id='word_1_163' title='bbox 531 3175 626 3224; x_wconf 91' lang='lat' dir='ltr'>pro</span> <span class='ocrx_word' id='word_1_164' title='bbox 668 3158 829 3209; x_wconf 88' lang='lat' dir='ltr'>rebus</span> <span class='ocrx_word' id='word_1_165' title='bbox 870 3157 1136 3209; x_wconf 88' lang='lat' dir='ltr'>Ordinum</span> <span class='ocrx_word' id='word_1_166' title='bbox 1179 3159 1540 3226; x_wconf 87' lang='lat' dir='ltr'>regularium,</span> <span class='ocrx_word' id='word_1_167' title='bbox 1582 3177 1680 3226; x_wconf 87' lang='lat' dir='ltr'>pro</span> <span class='ocrx_word' id='word_1_168' title='bbox 1721 3160 1882 3210; x_wconf 89' lang='lat' dir='ltr'>rebus</span> <span class='ocrx_word' id='word_1_169' title='bbox 1923 3159 2055 3209; x_wconf 82' lang='lat' dir='ltr'>ritus</span> <span class='ocrx_word' id='word_1_170' title='bbox 2096 3159 2290 3210; x_wconf 89' lang='lat' dir='ltr'>Orien-</span> 
     </span>
     <span class='ocr_line' id='line_1_24' title="bbox 20 3233 2289 3311; baseline 0.004 -28"><span class='ocrx_word' id='word_1_171' title='bbox 20 3236 24 3239; x_wconf 70' lang='grc'><em>’</em></span> <span class='ocrx_word' id='word_1_172' title='bbox 65 3233 186 3285; x_wconf 87' lang='lat' dir='ltr'>talis</span> <span class='ocrx_word' id='word_1_173' title='bbox 226 3242 279 3287; x_wconf 91' lang='lat' dir='ltr'>et</span> <span class='ocrx_word' id='word_1_174' title='bbox 308 3237 744 3305; x_wconf 84' lang='lat' dir='ltr'>Apostoliearum</span> <span class='ocrx_word' id='word_1_175' title='bbox 786 3241 1117 3292; x_wconf 87' lang='lat' dir='ltr'>Missionum.</span> <span class='ocrx_word' id='word_1_176' title='bbox 1171 3241 1291 3292; x_wconf 87' lang='lat' dir='ltr'>Hae</span> <span class='ocrx_word' id='word_1_177' title='bbox 1333 3242 1580 3308; x_wconf 86' lang='lat' dir='ltr'>singulae</span> <span class='ocrx_word' id='word_1_178' title='bbox 1621 3260 1686 3293; x_wconf 82' lang='lat' dir='ltr'>ex</span> <span class='ocrx_word' id='word_1_179' title='bbox 1731 3247 1961 3311; x_wconf 88' lang='lat' dir='ltr'>quatuor</span> <span class='ocrx_word' id='word_1_180' title='bbox 2002 3247 2055 3293; x_wconf 95' lang='lat' dir='ltr'>et</span> <span class='ocrx_word' id='word_1_181' title='bbox 2095 3242 2289 3309; x_wconf 85' lang='lat' dir='ltr'>viginti</span> 
     </span>
     <span class='ocr_line' id='line_1_25' title="bbox 65 3317 2289 3391; baseline 0.004 -23"><span class='ocrx_word' id='word_1_182' title='bbox 65 3317 315 3370; x_wconf 83' lang='lat' dir='ltr'>Patribus</span> <span class='ocrx_word' id='word_1_183' title='bbox 356 3323 704 3388; x_wconf 89' lang='lat' dir='ltr'>constabant,</span> <span class='ocrx_word' id='word_1_184' title='bbox 758 3324 846 3391; x_wconf 90' lang='lat' dir='ltr'>qui</span> <span class='ocrx_word' id='word_1_185' title='bbox 887 3325 941 3374; x_wconf 90' lang='lat' dir='ltr'>in</span> <span class='ocrx_word' id='word_1_186' title='bbox 983 3323 1419 3391; x_wconf 87' lang='lat' dir='ltr'>Congregatione</span> <span class='ocrx_word' id='word_1_187' title='bbox 1461 3325 1706 3391; x_wconf 86' lang='lat' dir='ltr'>generali</span> <span class='ocrx_word' id='word_1_188' title='bbox 1758 3325 2027 3376; x_wconf 85' lang='lat' dir='ltr'>schedulis</span> <span class='ocrx_word' id='word_1_189' title='bbox 2067 3326 2289 3376; x_wconf 88' lang='lat' dir='ltr'>secretis</span> 
     </span>
     <span class='ocr_line' id='line_1_26' title="bbox 68 3398 2286 3475; baseline 0.005 -27"><span class='ocrx_word' id='word_1_190' title='bbox 68 3398 434 3469; x_wconf 89' lang='lat' dir='ltr'>eligebantur,</span> <span class='ocrx_word' id='word_1_191' title='bbox 486 3406 670 3474; x_wconf 88' lang='lat' dir='ltr'>eisque</span> <span class='ocrx_word' id='word_1_192' title='bbox 711 3424 741 3457; x_wconf 91' lang='lat' dir='ltr'>a</span> <span class='ocrx_word' id='word_1_193' title='bbox 781 3407 1001 3458; x_wconf 82' lang='lat' dir='ltr'>Summo</span> <span class='ocrx_word' id='word_1_194' title='bbox 1042 3406 1307 3458; x_wconf 88' lang='lat' dir='ltr'>Pontifice</span> <span class='ocrx_word' id='word_1_195' title='bbox 1351 3424 1568 3475; x_wconf 88' lang='lat' dir='ltr'>praeses</span> <span class='ocrx_word' id='word_1_196' title='bbox 1619 3407 2038 3475; x_wconf 85' lang='lat' dir='ltr'>praeficiebatur</span> <span class='ocrx_word' id='word_1_197' title='bbox 2081 3426 2218 3458; x_wconf 91' lang='lat' dir='ltr'>unus</span> <span class='ocrx_word' id='word_1_198' title='bbox 2259 3426 2286 3459; x_wconf 93' lang='lat' dir='ltr'>e</span> 
     </span>
     <span class='ocr_line' id='line_1_27' title="bbox 66 3480 2287 3558; baseline 0.004 -26"><span class='ocrx_word' id='word_1_199' title='bbox 66 3480 471 3552; x_wconf 81' lang='lat' dir='ltr'>Cardinalibus,</span> <span class='ocrx_word' id='word_1_200' title='bbox 525 3490 614 3556; x_wconf 89' lang='lat' dir='ltr'>qui</span> <span class='ocrx_word' id='word_1_201' title='bbox 656 3490 770 3557; x_wconf 89' lang='lat' dir='ltr'>ipse</span> <span class='ocrx_word' id='word_1_202' title='bbox 813 3508 882 3541; x_wconf 82' lang='lat' dir='ltr'>ex</span> <span class='ocrx_word' id='word_1_203' title='bbox 924 3490 1303 3541; x_wconf 86' lang='lat' dir='ltr'>eonciliaribus</span> <span class='ocrx_word' id='word_1_204' title='bbox 1345 3490 1614 3558; x_wconf 89' lang='lat' dir='ltr'>theologis</span> <span class='ocrx_word' id='word_1_205' title='bbox 1667 3491 1752 3542; x_wconf 78' lang='lat' dir='ltr'>vel</span> <span class='ocrx_word' id='word_1_206' title='bbox 1794 3491 2081 3542; x_wconf 85' lang='lat' dir='ltr'>canonistis</span> <span class='ocrx_word' id='word_1_207' title='bbox 2121 3509 2287 3542; x_wconf 91' lang='lat' dir='ltr'>unum</span> 
     </span>
     <span class='ocr_line' id='line_1_28' title="bbox 66 3569 2288 3642; baseline 0.005 -26"><span class='ocrx_word' id='word_1_208' title='bbox 66 3583 161 3617; x_wconf 83' lang='lat' dir='ltr'>seu</span> <span class='ocrx_word' id='word_1_209' title='bbox 201 3569 504 3637; x_wconf 88' lang='lat' dir='ltr'>complures</span> <span class='ocrx_word' id='word_1_210' title='bbox 545 3574 878 3626; x_wconf 88' lang='lat' dir='ltr'>consultores</span> <span class='ocrx_word' id='word_1_211' title='bbox 919 3579 973 3626; x_wconf 91' lang='lat' dir='ltr'>et</span> <span class='ocrx_word' id='word_1_212' title='bbox 1014 3591 1082 3625; x_wconf 82' lang='lat' dir='ltr'>ex</span> <span class='ocrx_word' id='word_1_213' title='bbox 1113 3574 1194 3624; x_wconf 91' lang='lat' dir='ltr'>his</span> <span class='ocrx_word' id='word_1_214' title='bbox 1236 3591 1400 3624; x_wconf 90' lang='lat' dir='ltr'>unum</span> <span class='ocrx_word' id='word_1_215' title='bbox 1442 3574 1683 3642; x_wconf 88' lang='lat' dir='ltr'>eligebat</span> <span class='ocrx_word' id='word_1_216' title='bbox 1710 3574 2074 3642; x_wconf 86' lang='lat' dir='ltr'>deputationis</span> <span class='ocrx_word' id='word_1_217' title='bbox 2114 3592 2288 3626; x_wconf 88' lang='lat' dir='ltr'>secre-</span> 
     </span>
     <span class='ocr_line' id='line_1_29' title="bbox 65 3650 2287 3725; baseline 0.005 -26"><span class='ocrx_word' id='word_1_218' title='bbox 65 3650 259 3701; x_wconf 88' lang='lat' dir='ltr'>tarium</span> <span class='ocrx_word' id='word_1_219' title='bbox 284 3650 318 3701; x_wconf 84' lang='grc'>3.</span> <span class='ocrx_word' id='word_1_220' title='bbox 397 3652 642 3706; x_wconf 86' lang='lat' dir='ltr'>Membra</span> <span class='ocrx_word' id='word_1_221' title='bbox 682 3656 1047 3725; x_wconf 84' lang='lat' dir='ltr'>deputationis</span> <span class='ocrx_word' id='word_1_222' title='bbox 1088 3674 1185 3725; x_wconf 89' lang='lat' dir='ltr'>pro</span> <span class='ocrx_word' id='word_1_223' title='bbox 1226 3656 1386 3707; x_wconf 90' lang='lat' dir='ltr'>rebus</span> <span class='ocrx_word' id='word_1_224' title='bbox 1426 3656 1494 3707; x_wconf 89' lang='lat' dir='ltr'>ad</span> <span class='ocrx_word' id='word_1_225' title='bbox 1537 3656 1695 3707; x_wconf 83' lang='lat' dir='ltr'>fidem</span> <span class='ocrx_word' id='word_1_226' title='bbox 1738 3657 2160 3724; x_wconf 85' lang='lat' dir='ltr'>pertinentibus,</span> <span class='ocrx_word' id='word_1_227' title='bbox 2220 3658 2287 3710; x_wconf 87' lang='lat' dir='ltr'>de</span> 
     </span>
    </p>
   </div>
   <div class='ocr_carea' id='block_1_5' title="bbox 64 3805 2289 4022">
    <p class='ocr_par' dir='ltr' id='par_1_7' title="bbox 64 3805 2289 4022">
     <span class='ocr_line' id='line_1_30' title="bbox 220 3805 2289 3870; baseline 0 -17"><span class='ocrx_word' id='word_1_228' title='bbox 220 3805 234 3831; x_wconf 87' lang='lat'><strong>¹</strong></span> <span class='ocrx_word' id='word_1_229' title='bbox 272 3805 324 3853; x_wconf 92' lang='lat' dir='ltr'>C.</span> <span class='ocrx_word' id='word_1_230' title='bbox 373 3807 432 3853; x_wconf 89' lang='lat' dir='ltr'>V.</span> <span class='ocrx_word' id='word_1_231' title='bbox 486 3808 578 3854; x_wconf 87' lang='lat' dir='ltr'>col.</span> <span class='ocrx_word' id='word_1_232' title='bbox 630 3810 753 3855; x_wconf 84' lang='lat'>1095</span> <span class='ocrx_word' id='word_1_233' title='bbox 772 3824 813 3855; x_wconf 87' lang='lat' dir='ltr'>c.</span> <span class='ocrx_word' id='word_1_234' title='bbox 897 3810 973 3866; x_wconf 85' lang='lat' dir='ltr'>(C.</span> <span class='ocrx_word' id='word_1_235' title='bbox 1020 3810 1080 3856; x_wconf 89' lang='lat' dir='ltr'>V.</span> <span class='ocrx_word' id='word_1_236' title='bbox 1132 3810 1290 3856; x_wconf 88' lang='lat' dir='ltr'>literis</span> <span class='ocrx_word' id='word_1_237' title='bbox 1344 3809 1657 3870; x_wconf 87' lang='lat' dir='ltr'>significatur</span> <span class='ocrx_word' id='word_1_238' title='bbox 1712 3807 2011 3853; x_wconf 49' lang='lat' dir='ltr'>Golleetiomte</span> <span class='ocrx_word' id='word_1_239' title='bbox 2069 3807 2289 3854; x_wconf 71' lang='lat' dir='ltr'>Lacense&#39;s·</span> 
     </span>
     <span class='ocr_line' id='line_1_31' title="bbox 64 3882 1960 3945; baseline 0.002 -17"><span class='ocrx_word' id='word_1_240' title='bbox 64 3887 174 3930; x_wconf 76' lang='lat' dir='ltr'>tom.</span> <span class='ocrx_word' id='word_1_241' title='bbox 220 3882 329 3929; x_wconf 81' lang='lat' dir='ltr'>VII.</span> <span class='ocrx_word' id='word_1_242' title='bbox 365 3885 444 3931; x_wconf 88' lang='lat' dir='ltr'>vel</span> <span class='ocrx_word' id='word_1_243' title='bbox 479 3885 599 3932; x_wconf 80' lang='lat' dir='ltr'>Acta</span> <span class='ocrx_word' id='word_1_244' title='bbox 638 3892 678 3932; x_wconf 73' lang='lat' dir='ltr'>et</span> <span class='ocrx_word' id='word_1_245' title='bbox 715 3887 904 3933; x_wconf 70' lang='lat' dir='ltr'>decreta</span> <span class='ocrx_word' id='word_1_246' title='bbox 943 3887 1147 3933; x_wconf 70' lang='lat' dir='ltr'>Concilii</span> <span class='ocrx_word' id='word_1_247' title='bbox 1194 3886 1427 3932; x_wconf 67' lang='lat' dir='ltr'>Vaticani.</span> <span class='ocrx_word' id='word_1_248' title='bbox 1499 3886 1575 3932; x_wconf 89' lang='lat' dir='ltr'>Cf.</span> <span class='ocrx_word' id='word_1_249' title='bbox 1613 3886 1745 3931; x_wconf 84' lang='lat' dir='ltr'>infra</span> <span class='ocrx_word' id='word_1_250' title='bbox 1781 3901 1825 3945; x_wconf 91' lang='lat' dir='ltr'>p.</span> <span class='ocrx_word' id='word_1_251' title='bbox 1866 3884 1960 3942; x_wconf 83' lang='lat'>10.)</span> 
     </span>
     <span class='ocr_line' id='line_1_32' title="bbox 174 3954 2283 4022; baseline -0.001 -15"><span class='ocrx_word' id='word_1_252' title='bbox 174 3954 178 3957; x_wconf 57' lang='grc'><strong>’</strong></span> <span class='ocrx_word' id='word_1_253' title='bbox 214 3958 230 3984; x_wconf 84' lang='lat'><strong>²</strong></span> <span class='ocrx_word' id='word_1_254' title='bbox 267 3961 394 4007; x_wconf 91' lang='lat' dir='ltr'>Ibid.</span> <span class='ocrx_word' id='word_1_255' title='bbox 435 3962 554 4007; x_wconf 75' lang='lat'>1077</span> <span class='ocrx_word' id='word_1_256' title='bbox 570 3962 616 4008; x_wconf 94' lang='lat' dir='ltr'>b.</span> <span class='ocrx_word' id='word_1_257' title='bbox 659 3963 779 4007; x_wconf 80' lang='grc'><strong>1102</strong></span> <span class='ocrx_word' id='word_1_258' title='bbox 795 3978 840 4009; x_wconf 89' lang='lat' dir='ltr'>a.</span> <span class='ocrx_word' id='word_1_259' title='bbox 976 3962 991 3988; x_wconf 72' lang='lat'><em>³</em></span> <span class='ocrx_word' id='word_1_260' title='bbox 1034 3962 1367 4022; x_wconf 60' lang='lat' dir='ltr'>„Multiplices</span> <span class='ocrx_word' id='word_1_261' title='bbox 1403 3958 1563 4007; x_wconf 87' lang='lat' dir='ltr'>inter“</span> <span class='ocrx_word' id='word_1_262' title='bbox 1606 3959 1788 4019; x_wconf 72' lang='lat' dir='ltr'>§VH3</span> <span class='ocrx_word' id='word_1_263' title='bbox 1825 3976 1871 4005; x_wconf 86' lang='lat' dir='ltr'>v.</span> <span class='ocrx_word' id='word_1_264' title='bbox 1909 3959 1961 4006; x_wconf 90' lang='lat' dir='ltr'>C.</span> <span class='ocrx_word' id='word_1_265' title='bbox 1990 3960 2050 4006; x_wconf 92' lang='lat' dir='ltr'>V.</span> <span class='ocrx_word' id='word_1_266' title='bbox 2077 3961 2182 4007; x_wconf 77' lang='lat' dir='ltr'>22d</span> <span class='ocrx_word' id='word_1_267' title='bbox 2210 3976 2283 4021; x_wconf 83' lang='lat' dir='ltr'>sq.</span> 
     </span>
    </p>
   </div>
   <div class='ocr_carea' id='block_1_6' title="bbox 155 4041 1935 4083">
    <p class='ocr_par' dir='ltr' id='par_1_8' title="bbox 155 4041 1935 4083">
     <span class='ocr_line' id='line_1_33' title="bbox 155 4041 1935 4083; baseline 0.004 -11"><span class='ocrx_word' id='word_1_268' title='bbox 155 4041 482 4081; x_wconf 80' lang='lat' dir='ltr'>Granderath‚</span> <span class='ocrx_word' id='word_1_269' title='bbox 515 4046 673 4075; x_wconf 68' lang='lat' dir='ltr'>constit.</span> <span class='ocrx_word' id='word_1_270' title='bbox 700 4045 868 4083; x_wconf 69' lang='lat' dir='ltr'>dogmat.</span> <span class='ocrx_word' id='word_1_271' title='bbox 1914 4043 1935 4080; x_wconf 92' lang='grc'>1</span> 
     </span>
    </p>
   </div>
  </div>
 </body>
</html>
