2548 4290
200 166 311 219 214
390 168 506 210 Pars
529 167 587 208 ΙΙ.
636 165 793 208 Const.
829 166 884 208 de
916 166 1039 207 Eccl.
1097 164 1209 220 Cap.
1233 165 1316 207 111.
1360 166 1471 220 Ipsa
1506 164 1791 209 Constitutio
1826 179 1930 208 cum
1964 166 2358 211 adnotationibus.

200 313 565 380 institutione,
607 311 1001 383 perpetuitate,
1043 329 1106 365 ac
1146 317 1347 365 natura
1388 313 1529 365 sacri
1570 311 1885 383 Apostolici
1925 314 2223 385 primatUS,
2268 317 2327 371 in
2368 335 2481 389 quo

198 400 367 454 totius
406 397 693 452 Ecclesiae
734 397 816 450 vis
857 414 920 449 ac
962 396 1211 450 soliditas
1253 397 1532 465 consistit,
1591 399 1804 452 cunctis
1843 398 2101 453 fidelibus
2141 402 2478 456 credendam

199 489 255 538 et
292 483 610 549 tenendam,
650 481 957 536 secundum
998 482 1284 553 antiquam
1325 488 1491 554 atque
1534 488 1881 538 constantem
1921 485 2250 540 universalis
2287 486 2481 541 Eccle-

198 570 311 622 siae
352 568 546 637 fidem,
599 586 938 639 proponere,
990 573 1157 639 atque
1199 568 1534 636 contrariOS,
1589 569 1868 623 dominico
1909 571 2068 641 gregi
2112 572 2252 625 adeo
2294 573 2483 643 perni-

198 655 372 709 ciosos
414 673 629 708 errores
670 653 1018 725 proscribere
1064 658 1119 707 et
1161 653 1552 708 condemnare.

194 858 378 903 rentur
414 855 575 903 verba
612 855 886 903 sedentibus
925 860 1034 915 eta,
1086 854 1160 902 ita
1209 858 1261 902 et
1296 854 1348 902 in
1386 854 1483 903 hac
1521 856 1687 918 prima
1724 855 2113 906 Constitutione
2152 857 2224 906 De
2259 856 2478 906 Ecclesia

197 932 405 993 Christi,
457 936 663 982 retenta
711 932 889 995 phrasi
939 948 1081 980 sacro
1129 932 1439 995 approbante
1478 932 1694 982 Concilio
1743 934 1796 982 in
1843 934 2018 984 fronte
2056 934 2482 998 Constitutionis,

193 1010 333 1059 illius
368 1011 483 1059 loco
510 1010 593 1059 vel
618 1011 671 1058 in
697 1010 979 1074 prooemio,
1016 1010 1098 1058 vel
1135 1010 1187 1057 in
1226 1014 1415 1073 quarto
1445 1011 1630 1073 capite,
1667 1012 1751 1060 vel
1787 1013 1961 1075 potius
1999 1013 2051 1061 in
2088 1016 2314 1076 utroque
2342 1014 2480 1062 sinat

192 1088 405 1138 inscribi
456 1089 799 1151 periphrasim
847 1088 1126 1136 decernente
1161 1087 1429 1136 Nobiscum
1476 1095 1648 1137 sancta
1696 1088 1923 1152 Synodo,
1975 1106 2107 1154 quae
2153 1091 2377 1139 habetur
2424 1091 2479 1139 it}

195 1182 303 1230 cap.
341 1166 505 1215 Scelus
542 1183 681 1215 caus.
719 1168 765 1215 2.
815 1170 1016 1229 quaest.
1058 1168 1129 1227 1.‚
1179 1166 1262 1214 vel
1300 1167 1454 1214 aliam
1490 1166 1625 1215 idem
1668 1167 1912 1230 explicite
1950 1172 2251 1231 sonantem,
2293 1172 2480 1232 utpote

195 1260 328 1310 quae
367 1246 458 1308 rei,
495 1245 609 1293 loco
648 1261 707 1293 ac
742 1245 963 1306 tempori
1001 1244 1165 1306 magis
1204 1245 1482 1293 convenire
1518 1245 1743 1294 videtur.

347 1326 484 1388 „Nec
523 1327 723 1387 obstat,
776 1327 941 1389 quod,
993 1342 1109 1374 cum
1158 1326 1375 1389 phrases
1413 1326 1712 1389 praedictae
1750 1327 2046 1389 theologiae
2095 1345 2154 1377 ac
2191 1329 2318 1377 iuris
2353 1345 2477 1377 vero

191 1406 372 1468 peritis
409 1422 569 1454 unum
609 1405 934 1468 eundemque
973 1420 1182 1452 sensum
1220 1404 1456 1465 reddant,
1505 1420 1598 1453 nec
1636 1405 1737 1453 rite
1772 1421 1868 1454 nec
1905 1412 2048 1455 recte
2085 1407 2150 1455 ad
2188 1406 2479 1471 significan--

192 1483 313 1532 dum
351 1483 576 1546 idipsum
613 1484 788 1531 variae
825 1483 1173 1532 adhibeantur
1209 1482 1484 1530 formulae.
1547 1482 1680 1539 Quid
1718 1483 1807 1531 ni?
1855 1484 1964 1533 Nec
2002 1485 2201 1547 logicae
2237 1485 2472 1549 profecto

189 1561 332 1624 leges
369 1562 421 1608 id
457 1565 638 1610 vetant
673 1577 844 1624 neque
871 1561 1137 1609 Ecclesiae
1173 1576 1324 1608 usus:
1366 1562 1555 1608 scimus
1594 1561 1746 1622 enim,
1785 1562 1850 1609 ad
1876 1561 2186 1625 ipsissimam
2222 1563 2372 1621 hanc,
2410 1562 2475 1611 de*

193 1654 295 1701 qua
331 1639 531 1702 agitur,
584 1656 692 1688 rem
731 1639 1119 1702 significandam
1157 1639 1284 1687 alias
1323 1642 1483 1702 atque
1522 1639 1648 1687 alias
1685 1640 1945 1689 adhibitas
1984 1656 2095 1690 esse
2132 1641 2383 1689 formulas
2420 1641 2466 1688 in

190 1717 453 1781 plerisque
491 1717 753 1779 Conciliis,
793 1717 983 1780 quibus
1022 1716 1218 1765 Summi
1244 1716 1522 1765 Pontifices
1560 1718 1907 1778 personaliter
1942 1718 2067 1767 item
2101 1719 2468 1782 praefueruntg

192 1812 384 1860 easque
435 1797 646 1859 collegit
683 1797 982 1845 Iacobatius
1019 1795 1119 1856 (De
1158 1795 1353 1844 Concil.
1392 1796 1424 1845 l.
1464 1797 1508 1845 5.
1559 1799 1654 1844 art.
1698 1798 1774 1845 14.
1824 1797 1962 1859 apud
1999 1797 2341 1859 Roccaberti,
2391 1796 2469 1844 Bi-

189 1874 374 1923 blioth.
412 1876 639 1923 maxima
677 1874 869 1923 Pontif.
907 1879 942 1923 t.
982 1874 1060 1921 IX
1098 1876 1142 1922 9.
1182 1890 1230 1936 p.
1269 1875 1365 1921 61⁶2
1405 1872 1528 1936 sq.)‚
1580 1877 1631 1922 et
1667 1874 1861 1937 passim
1910 1875 2085 1923 videre
2135 1878 2213 1923 est
2261 1875 2314 1923 in
2351 1873 2471 1924 Cor-

187 1967 316 2016 pore
354 1954 509 2002 Iuris.

342 2034 472 2097 „Pro
511 2035 586 2082 rei
624 2037 797 2082 autem
835 2034 1049 2095 merito,
1099 2033 1238 2081 illius
1283 2033 1485 2097 phrasis
1534 2034 1913 2096 permutandae
1958 2035 2087 2083 haec
2124 2035 2280 2096 mihi,
2333 2034 2474 2083 haud

187 2114 315 2162 levis
352 2113 619 2173 momenti,
656 2112 791 2160 ratio
831 2112 1088 2174 occurrit,
1127 2111 1267 2174 quod
1304 2112 1501 2160 indocti
1525 2127 1727 2174 nempe,
1767 2128 1824 2160 ac
1851 2113 2212 2176 malignantes,
2253 2128 2475 2177 quorum

187 2191 505 2252 indeficiens,
545 2195 596 2238 ct
633 2190 731 2238 hac
766 2191 1074 2254 praesertim
1114 2193 1287 2237 aetate
1325 2190 1583 2238 maximus
1622 2194 1700 2239 est
1724 2206 1988 2252 numerus,
2027 2191 2110 2240 vel
2148 2191 2256 2239 solo
2293 2190 2476 2239 verbo-

187 2286 302 2318 rum
356 2285 481 2318 sono
537 2284 713 2317 ansam
767 2269 999 2331 arripere
1051 2272 1265 2331 possent
1315 2272 1366 2316 et
1402 2268 1692 2316 Romanum
1731 2268 2035 2317 Pontificem
2086 2272 2135 2317 et
2185 2269 2473 2319 Concilium

186 2349 408 2397 ulterius
449 2348 825 2407 calumniandi,
877 2348 1025 2410 quasi
1061 2347 1176 2407 ille,
1228 2346 1294 2394 ad
1342 2347 1546 2409 potiora
1591 2347 1688 2394 sibi
1724 2347 1840 2395 iura
1879 2348 2208 2410 quaerenda,
2262 2364 2327 2397 ex
2363 2348 2477 2396 uni-

186 2442 336 2475 verso
376 2426 606 2489 undique
656 2427 781 2475 orbe
831 2425 1074 2473 dominici
1121 2424 1297 2487 gregis
1343 2429 1580 2487 pastores
1629 2425 1681 2472 in
1731 2441 1876 2472 suam
1931 2426 2179 2474 ditionem
2228 2426 2478 2474 acciverit

187 2507 346 2567 atque
383 2505 681 2567 hospitatus
721 2504 811 2565 sit,
848 2504 936 2552 isti
972 2519 1113 2564 vero,
1151 2503 1234 2551 vel
1259 2503 1560 2552 urbanitate
1585 2503 1763 2564 illecti,
1801 2503 1882 2550 vel
1909 2504 2205 2552 reverentia
2230 2503 2475 2568 perculsi,

188 2598 304 2630 cum
342 2583 687 2630 intemeratae
723 2581 843 2629 fidei
880 2582 1111 2642 iactura,
1155 2584 1206 2629 et
1244 2585 1428 2629 contra
1465 2582 1623 2628 animi
1661 2581 1990 2643 sententiam,
2031 2582 2293 2645 exoptatis
2329 2596 2478 2644 prae-

184 2661 435 2724 rogativis
473 2661 618 2708 illum
658 2661 1052 2709 cumulaverint.

339 2743 554 2805 „Nonne
593 2747 644 2791 et
682 2744 896 2791 auribus
933 2743 1127 2791 nostris
1178 2742 1470 2790 audivimus
1507 2741 1662 2789 foeda
1699 2742 1958 2804 convicia,
2015 2743 2202 2806 quibus
2241 2743 2479 2806 epheme-

186 2821 326 2869 rides
365 2821 619 2883 quaedam
664 2820 870 2883 vulgari
916 2821 1087 2868 animo
1131 2836 1191 2868 ac
1241 2834 1480 2867 sermone
1516 2819 1840 2881 iniquissime
1888 2820 2031 2868 visae
2072 2824 2192 2868 sunt
2228 2820 2475 2869 insectari

186 2899 487 2962 Episcopos,
525 2899 865 2958 blaterantes,
903 2900 1019 2947 heic
1045 2899 1207 2947 fuisse
1246 2901 1455 2946 coactos
1483 2899 1548 2945 ad
1574 2898 1946 2961 proferendum
1971 2898 2152 2960 Placet,
2188 2902 2239 2947 et
2264 2914 2479 2962 respon-

187 2978 410 3026 dendum
449 2976 648 3025 Amen?
707 2977 976 3026 Nescirem
1016 2977 1274 3040 equidem,
1316 2977 1553 3040 quisnam
1592 2977 1797 3039 probris
1834 2976 1935 3024 illis
1971 2977 2136 3039 magis
2173 2977 2473 3039 impetatur,

186 3055 406 3105 Concilii
430 3056 700 3117 Patresne,
741 3073 804 3104 an
831 3057 989 3104 Pater
1014 3056 1230 3104 Patrum
1269 3056 1460 3118 potius,
1499 3071 1559 3103 ac
1586 3055 1869 3117 Supremus
1896 3055 2163 3103 Ecclesiae
2201 3055 2477 3104 Pontifex!

340 3137 728 3201 „Utrorumque
781 3137 942 3200 igitur
996 3137 1196 3196 decori,
1249 3153 1308 3184 ac
1360 3136 1670 3197 pusillorum
1722 3136 1935 3198 insuper
1986 3137 2121 3184 bono
2179 3136 2475 3185 consulere-

185 3220 287 3277 tur,
327 3217 369 3264 si
405 3216 675 3279 praedicta
722 3216 950 3264 formula
986 3218 1283 3267 verteretur
1332 3215 1411 3262 uti
1459 3212 1662 3277 supra.“
1739 3214 2109 3276 (Exceptiones
2144 3217 2241 3262 etc.
2313 3213 2369 3262 C.
2407 3213 2472 3262 V.

186 3296 283 3341 434
304 3310 348 3342 a.
386 3293 456 3353 b.)

333 3375 622 3438 Respondit
659 3375 711 3421 in
750 3374 1169 3437 Congregatione
1206 3374 1438 3437 generali
1472 3374 1792 3436 octogesima
1844 3376 1992 3422 sexta
2028 3373 2317 3437 Episcopus
2356 3372 2472 3422 Cal-

183 3453 372 3513 vensis‚
413 3452 767 3515 deputationis
804 3453 1024 3500 relator:
1071 3453 1245 3513 „Haec
1283 3452 1521 3515 quaestio
1558 3452 1659 3499 iam
1686 3451 2045 3514 praeiudicata
2071 3455 2176 3514 est3
2215 3451 2468 3515 siquidem

183 3530 236 3577 in
272 3531 438 3593 primo
479 3531 742 3578 schemate
779 3531 832 3579 in
871 3531 1084 3579 exordio
1123 3531 1222 3579 iam
1264 3531 1585 3593 disputatum
1633 3529 1734 3577 fuit
1772 3529 1834 3576 de
1881 3529 2106 3577 formula
2154 3530 2471 3593 adoptanda,

186 3612 237 3656 et
276 3612 532 3657 statutum
570 3609 671 3656 fuit
709 3625 738 3656 a
776 3608 1196 3672 Congregatione
1233 3608 1496 3672 generali,
1551 3607 1690 3671 quod
1736 3606 1789 3654 in
1824 3608 2090 3668 prooemio
2127 3608 2359 3671 generali
2397 3608 2471 3656 di-

184 3690 419 3735 ceretur:
466 3686 742 3734 sedentibus
779 3693 820 3735 et
855 3687 1189 3735 iudicantibus
1223 3686 1489 3735 Nobiscum
1523 3685 1809 3748 Episcopis,
1849 3685 2035 3733 deinde
2072 3686 2124 3733 in
2161 3686 2349 3734 ceteris
2383 3686 2471 3733 ad-

184 3763 429 3812 hibeatur
465 3764 706 3825 formula,
748 3781 881 3828 quae
919 3765 1154 3814 adhibita
1190 3765 1291 3813 fuit
1329 3768 1629 3812 constanter
1665 3763 1717 3810 in
1756 3761 1986 3812 Concilio
2024 3763 2363 3826 Lugdunensi
2394 3763 2466 3811 II.

187 3844 238 3888 et
274 3841 618 3890 Lateranensi
654 3842 744 3903 V.‚
794 3843 992 3891 scilicet
1028 3859 1170 3891 sacro
1219 3843 1526 3905 approbante
1566 3838 1827 3890 Concilio.“
1902 3840 2003 3901 (Cf.
2054 3856 2212 3903 supra
2251 3840 2363 3888 73¹.
2404 3867 2467 3873 —-

183 3916 389 3965 Relatio
429 3923 526 3966 etc.
599 3919 654 3967 C.
691 3919 756 3969 V.
794 3919 971 3979 4620.)
