2548 4290
221 160 464 202 Comment.
497 159 575 200 IV.
630 160 882 200 Florentini
915 158 968 199 de
998 162 1046 200 vi
1078 172 1129 200 ac
1160 162 1331 200 ratione
1362 160 1587 200 Primatus
1622 160 1820 201 definitio
1852 164 2042 212 recepta.
2155 161 2255 211 153

48 300 342 371 respondit,
382 299 677 353 clausulam
719 317 880 352 sensu
918 301 1223 353 restrictivo
1263 301 1400 352 sumi
1427 319 1534 353 non
1565 320 1739 371 posse,
1778 304 1929 372 quasi
1957 303 2257 356 Concilium

50 384 423 438 Florentinum
452 383 600 451 prius
628 382 913 448 definierit,
954 401 1070 436 esse
1095 383 1350 435 traditam
1378 383 1596 451 plenam
1632 390 1957 454 potestatem
1985 404 2016 437 a
2044 385 2257 438 Christo

51 464 242 530 Petro,
284 465 480 517 deinde
519 465 573 516 in
613 465 854 517 membro
896 465 1209 518 immediate
1251 467 1500 535 sequenti
1540 466 1844 519 Concilium
1883 470 2058 538 ipsum
2100 467 2258 519 nimis

51 549 283 620 amplam
332 566 485 601 suam
537 548 960 600 declarationem
1010 549 1311 601 correxerit
1365 554 1420 601 et
1458 550 1759 601 remedium
1798 551 2127 621 praebuerit,
2166 568 2259 602 ne-

49 649 196 703 ganS,
236 631 400 683 Petro
429 630 702 682 Christum
732 631 943 683 dedisse
973 632 1187 699 plenam
1224 637 1566 701 potestatem,
1609 632 1703 684 sed
1738 638 1948 685 tantum
1987 635 2042 685 in
2084 634 2259 686 deter-

49 716 250 770 minata
288 732 566 780 mensura,
625 732 688 766 eo
729 715 889 767 modo
931 732 1036 784 quo
1075 716 1130 767 in
1169 716 1334 784 gestis
1383 716 1851 768 oecumenicorum
1893 716 2258 769 Conciliorum

49 804 102 853 et
138 799 191 851 in
232 799 394 850 sacris
434 799 731 850 canonibus
771 799 1092 850 continetur.
1169 798 1407 851 Evidens
1449 804 1556 864 est,
1598 798 1738 851 hanc
1779 799 2054 852 clausulae
2094 801 2259 851 inter-

49 883 403 953 pretationem
442 899 749 950 repugnare
790 882 1072 934 contextui
1112 887 1165 933 et
1193 881 1444 950 dignitati
1472 881 1701 934 Concilii
1732 884 2094 948 oecumenici3
2135 883 2259 935 ideo

47 981 145 1019 nec
183 966 458 1017 historiam
497 982 597 1017 nec
638 965 876 1034 phrasim
925 982 1176 1034 graecam
1216 964 1502 1033 suffragari
1542 965 1665 1016 huic
1704 966 2139 1034 interpretationi
2178 982 2260 1017 re-

45 1048 334 1113 strictivae,
372 1053 431 1099 ut
469 1049 627 1099 toties
656 1047 1082 1099 demonstratum
1112 1052 1192 1098 est
1219 1048 1540 1099 auctoritate
1570 1047 1732 1099 etiam
1761 1049 2005 1100 codicum
2034 1048 2260 1100 authen-

46 1131 302 1197 ticorum,
356 1131 447 1199 qui
488 1130 798 1199 nuperrime
839 1131 1068 1199 inspecti
1108 1135 1247 1182 sunt.
1325 1130 1452 1199 Ipsa
1491 1131 1666 1182 versio
1710 1149 1958 1196 armena,
2016 1132 2260 1200 quamvis

48 1233 79 1268 a
126 1230 323 1283 graeco
361 1220 519 1266 textu
569 1213 840 1279 derivata,
891 1231 1001 1265 non
1052 1212 1200 1265 favet
1249 1213 1430 1264 sensui
1483 1214 1804 1267 restrictivo.
1881 1213 2047 1265 Nulla
2097 1215 2262 1283 igitur

48 1298 201 1351 adest
239 1298 375 1350 ratio
416 1297 812 1350 emendationis
858 1299 1196 1367 propositae,
1248 1314 1385 1365 quae
1428 1298 1759 1366 ceteroquin,
1802 1315 1965 1366 quum
2006 1297 2075 1349 ad
2112 1298 2262 1366 leges

48 1380 417 1451 disciplinares
445 1381 732 1450 pertineat,
772 1381 860 1432 hic
889 1380 980 1432 ubi
1008 1381 1187 1450 agitur
1217 1380 1281 1432 de
1312 1381 1694 1432 constitutione
1723 1381 2046 1449 dogmatica,
2083 1382 2260 1432 locum

48 1464 247 1517 habere
286 1483 395 1517 non
434 1470 638 1534 potest3
691 1482 753 1516 ac
794 1464 1022 1533 proinde
1064 1464 1343 1534 deputatio
1385 1463 1452 1515 de
1492 1463 1597 1516 fide
1650 1465 2086 1516 emendationem
2127 1464 2262 1515 hanc

49 1566 155 1601 non
193 1548 478 1600 admittit.“
509 1548 526 1579 ²

190 1632 383 1700 Neque
422 1632 644 1683 alterius
685 1632 863 1683 Patris
915 1630 1352 1683 emendationem
1393 1630 1784 1683 admittendam
1842 1632 2051 1683 censuit
2093 1631 2263 1699 depu-

47 1714 196 1768 tatio,
253 1715 415 1781 Huic,
455 1720 515 1767 ut
554 1716 628 1767 ait
660 1715 876 1779 relator,
923 1715 1128 1779 „visum
1170 1720 1264 1779 est,
1308 1732 1378 1766 ex
1418 1720 1678 1767 contextu
1717 1715 1881 1766 totius
1922 1714 2112 1782 capitis
2153 1719 2263 1764 tam

50 1798 191 1850 clare
231 1816 495 1867 apparere
536 1816 752 1851 sensum
794 1798 1067 1849 clausulae
1109 1839 1119 1849 .
1164 1838 1173 1848 .
1207 1838 1235 1858 .,
1279 1803 1336 1848 ut
1377 1815 1483 1849 non
1525 1799 1887 1850 necessarium
1927 1797 2263 1849 additamen-

49 1886 161 1934 tum
201 1882 402 1934 iudicet
421 1880 455 1932 2.

194 1964 380 2018 Tertio
419 1965 572 2017 Patri
610 1964 915 2032 respondit,
958 1983 1063 2016 non
1105 1982 1260 2033 posse
1301 1965 1414 2016 eius
1456 1964 1712 2016 orationis
1753 1964 2019 2015 rationem
2059 1962 2263 2027 haberi,

51 2065 213 2117 quum
254 2048 387 2100 nihil
427 2054 694 2118 proponat
713 2047 747 2099 3.

194 2133 259 2184 In
308 2133 580 2200 suffragiis
626 2131 864 2184 ferendis
913 2131 1026 2184 fere
1079 2148 1263 2183 omnes
1304 2131 1495 2183 Patres
1546 2136 1653 2183 tres
1709 2132 1803 2183 has
1858 2130 2264 2182 emendationes

50 2215 404 2269 reiecerunt⁴.
458 2216 798 2268 Censuerunt
824 2215 1003 2283 igitur,
1045 2215 1388 2266 conclusione
1424 2214 1808 2284 praecedentia
1848 2232 1951 2265 11011
1994 2214 2263 2281 restringi,

51 2299 144 2352 sed
185 2301 502 2352 confirmari.

196 2382 386 2451 Itaque
429 2382 730 2435 Concilium
771 2382 1125 2446 Vaticanum,
1178 2381 1306 2433 licet
1357 2381 1644 2432 formulam
1687 2380 1987 2432 Florentini
2040 2398 2147 2432 non
2190 2379 2265 2430 di-

51 2470 196 2517 recte
237 2467 651 2536 interpretetur,
693 2466 1132 2527 controversiam,
1177 2482 1314 2533 quae
1356 2464 1422 2516 de
1465 2466 1579 2516 eius
1618 2483 1777 2517 sensu
1818 2464 2049 2523 exstitit,
2103 2465 2265 2515 etiam

53 2548 362 2601 authentice
403 2548 622 2600 dirimit.
699 2548 957 2608 Quaestio
1000 2548 1160 2613 enim,
1202 2555 1382 2598 utrum
1423 2548 1557 2598 illud
1603 2546 1739 2613 „msa
1784 2547 1839 2598 in
1878 2547 2107 2598 formula
2141 2546 2265 2598 Flo-

51 2632 252 2683 rentini
290 2632 611 2683 vertendum
652 2634 719 2683 sit
764 2632 880 2697 „et“
925 2649 992 2682 an
1039 2631 1287 2695 „etiam“,
1340 2630 1408 2682 ad
1449 2624 1678 2682 eandem
1720 2631 2039 2681 formulam.
2090 2636 2146 2680 ut
2187 2635 2267 2681 cst

51 2714 106 2766 in
145 2714 439 2780 VaticanO,
492 2714 772 2766 transferri
821 2731 928 2765 non
979 2719 1172 2782 potest.
1250 2714 1313 2764 In
1367 2713 1464 2763 hac
1519 2713 1773 2776 formula,
1831 2724 1889 2763 ut
1928 2731 1957 2764 a
1998 2712 2265 2764 Vaticano

52 2797 291 2851 Concilio
332 2799 538 2849 sancita
576 2803 684 2862 est,
732 2802 878 2849 certo
919 2797 1118 2865 legitur
1163 2796 1651 2864 „quemadmodum
1691 2797 1874 2848 etiamst
1921 2801 2054 2860 010.,
2096 2796 2169 2847 ita
2209 2801 2268 2847 ut

51 2881 132 2933 his
170 2881 349 2933 verbis
388 2880 766 2934 antecedentia
818 2880 923 2931 dici
974 2880 1208 2932 debeant
1262 2881 1593 2945 confirmari,
1650 2898 1757 2931 non
1810 2879 2079 2946 restringi.
2159 2878 2267 2931 Sed

54 2964 292 3017 declarat
330 2964 683 3031 Vaticanum,
736 2964 881 3033 quod
922 2964 1020 3014 hac
1061 2963 1295 3015 formula
1335 2964 1707 3029 contineatur,
1749 2962 1803 3014 id
1842 2962 1896 3012 vi
1937 2962 2267 3014 definitionis

55 3047 282 3100 Concilii
331 3048 636 3100 Florentini
690 3047 1020 3101 credendum
1076 3064 1191 3099 esse
1248 3046 1495 3098 omnibus
1550 3046 1817 3099 fidelibus.
1904 3045 2050 3114 Ergo
2111 3046 2268 3097 docet

55 3131 233 3196 etiam,
274 3131 439 3183 verba
478 3131 587 3196 illa,
630 3137 689 3182 ut
727 3136 851 3183 sunt
889 3132 943 3182 in
983 3131 1318 3196 Florentino,
1360 3136 1615 3199 tanquam
1658 3130 2031 3182 confirmantia
2070 3129 2267 3180 intelli-

54 3215 234 3282 genda
273 3232 415 3281 esse,
468 3233 645 3284 neque
685 3215 1112 3276 restrictionem,
1162 3214 1377 3283 qualem
1416 3214 1582 3282 aliqui
1634 3214 1738 3265 illis
1789 3213 2022 3282 exprimi
2064 3213 2267 3277 volunt,

12 3292 17 3295 ”
55 3297 266 3349 admitti
304 3316 477 3368 posse.

164 3380 416 3432 Ceterum
457 3400 671 3433 sensum
713 3399 900 3433 eorum
941 3398 1047 3431 non
1088 3397 1202 3431 esse
1243 3380 1623 3444 restrictivum,
1665 3380 1804 3431 bene
1833 3381 1993 3430 etiam
2036 3396 2105 3430 ex
2147 3395 2268 3428 con-

55 3467 209 3514 textu
265 3462 500 3515 ostendit
553 3464 882 3516 Tarvisinus.
975 3462 1351 3514 Florentinum
1418 3463 1592 3523 enim,
1657 3467 1942 3531 postquam
2008 3460 2267 3520 definivit,

57 3543 276 3597 Summo
316 3545 569 3597 Pontifici
607 3547 826 3616 plenam
867 3550 1193 3613 potestatem
1231 3545 1483 3596 traditam
1526 3562 1670 3609 esse,
1723 3550 1886 3610 certe,
1929 3542 2071 3612 quod
2114 3542 2267 3606 dixit,

62 3644 164 3678 non
204 3629 383 3679 statim
424 3630 661 3681 correxit
705 3646 960 3697 „negans,
1001 3628 1168 3680 Petro
1209 3627 1480 3680 Christum
1523 3628 1735 3680 dedisse
1775 3628 1993 3697 plenam
2034 3631 2267 3696 potesta·

204 3809 214 3833 ¹
255 3809 452 3855 Relatio
491 3811 585 3855 etc.
657 3807 711 3855 C.
750 3809 810 3855 V.
848 3810 939 3854 348
957 3824 996 3854 c.
1024 3808 1068 3854 d.
1249 3808 1264 3834 ²
1303 3808 1430 3856 Ibid.
1503 3807 1554 3854 C.
1592 3808 1652 3854 V.
1692 3809 1845 3854 3491).
1874 3823 1912 3854 0.

204 3882 219 3908 3
257 3884 383 3930 Ibid.
455 3882 507 3929 C.
545 3883 604 3930 V.
640 3885 792 3930 349d.
972 3883 989 3909 4
1028 3884 1153 3929 [bid.
1215 3883 1267 3930 C.
1306 3883 1365 3929 V.
1404 3886 1496 3930 367
1515 3883 1557 3929 d.
