2548 4290
199 120 299 172 188
363 121 479 163 Pars
510 120 568 161 ΙΙ.
628 119 784 162 Const.
820 119 874 161 de
907 120 1032 161 Eccl.
1100 119 1211 174 Cap.
1247 119 1304 161 11.
1361 118 1781 164 Commentationes
1815 120 1872 163 de
1904 121 2141 175 aliquibus
2173 122 2303 165 locis.

189 265 409 318 dend0.‘
456 265 547 318 Ex
572 265 655 318 his
683 272 932 337 apparet,
976 266 1302 333 doctrinam,
1346 283 1487 337 quae
1519 267 1756 321 habetur
1786 268 1843 321 in
1871 268 2172 337 schemate,
2215 288 2325 324 non
2352 288 2473 324 esse

189 351 340 403 illam
382 350 604 403 Alberti
632 350 838 420 Pighii,
881 370 976 405 seu
1016 357 1326 406 extremam
1364 352 1650 405 cuiusdam
1691 353 1933 420 scholae,
1976 353 2073 407 sed
2112 354 2266 408 illam
2307 373 2473 409 unam

190 436 567 507 eandemque,
622 454 787 507 quam
841 437 1217 491 Bellarminus
1269 438 1327 490 in
1378 437 1501 491 loco
1554 456 1586 491 a
1637 441 1751 492 risio
1805 445 2024 493 oratore
2076 439 2241 494 citato
2295 440 2475 507 docet,
2545 484 2548 486 .

190 527 384 593 quarto
426 522 546 575 loco
589 522 846 590 adducit,
902 528 958 576 et
1009 542 1176 594 quam
1227 528 1389 576 vocat
1432 524 1796 578 certissimam
1848 531 1904 578 et
1944 525 2333 592 asserendam,
2385 526 2474 579 vel

190 608 372 679 potius
414 610 775 680 semetipsum
806 608 1178 673 retractando,
1221 610 1556 662 sententiam
1593 612 2095 664 communissimam
2126 616 2181 664 et
2209 614 2472 666 certam.“

336 693 509 747 Rffius
537 694 848 766 Episcopus
873 695 1220 748 Brixinensis
1258 696 1445 766 igitur,
1488 713 1655 766 quum
1700 696 1893 749 ordine
1923 696 2377 751 emendationum
2406 697 2476 751 ad

186 779 308 832 illas
337 781 698 850 pervenisset,
730 780 929 851 quibus
959 780 1026 832 de
1055 779 1460 851 Episcoporum
1489 781 1578 835 vel
1607 780 1892 835 Ecclesiae
1923 799 2197 835 consensu
2225 789 2354 836 ante
2384 781 2477 836 de-
2542 825 2548 829 .

186 865 495 920 finitionem
538 866 878 920 consulendo
921 866 1209 937 agebatur,
1253 866 1674 936 deputationem
1715 868 1873 920 iuxta
1913 869 2187 938 principia
2227 887 2259 921 a
2292 886 2349 922 se
2380 885 2475 922 ex-

190 951 368 1021 posita
418 970 509 1005 eas
553 952 974 1006 emendationes
1028 953 1330 1006 excludere
1374 952 1549 1018 dixit,
1612 953 1813 1024 „idque
1856 970 1920 1007 eo
1962 954 2139 1024 magis
2183 995 2194 1006 .
2238 996 2249 1007 .
2294 997 2304 1008 .
2348 955 2478 1025 quia

191 1035 560 1106 [conditiones
602 1039 658 1090 in
699 1039 763 1091 iis
805 1056 905 1109 pro
935 1039 1119 1092 valida
1149 1038 1472 1092 definitione
1502 1038 1764 1108 statutae]
1795 1039 2117 1110 saepissime
2146 1046 2274 1093 sunt
2313 1039 2476 1094 valde

190 1122 538 1191 indefinitae,
587 1124 664 1177 ita
705 1124 947 1195 quidem,
990 1130 1051 1177 ut
1092 1125 1186 1177 tali
1230 1125 1446 1178 ratione
1488 1125 1834 1178 solummodo
1880 1124 2212 1196 quibusdam
2253 1125 2478 1180 cavilla-

190 1209 432 1262 tionibus
474 1211 658 1281 potius
701 1229 889 1263 ansam
921 1210 1053 1264 dare
1091 1211 1320 1282 possint,
1364 1229 1529 1282 quam
1571 1212 1756 1282 reipsa
1796 1211 2088 1266 verificari.
2144 1211 2268 1265 Hoc
2309 1211 2477 1265 etiam

190 1294 338 1348 valet
369 1294 435 1348 de
465 1295 560 1348 illa
590 1295 925 1363 conditione,
969 1314 1110 1367 quae
1140 1296 1377 1350 habetur
1406 1297 1462 1349 in
1491 1296 1731 1350 formula
1773 1297 1848 1349 sic
1891 1296 2039 1349 dicta
2066 1296 2475 1363 Antoniniana3

192 1399 319 1433 nam
362 1382 530 1434 etiam
571 1382 708 1435 haec
760 1382 997 1436 formula
1040 1400 1139 1452 pro
1193 1382 1518 1437 definitione
1561 1383 1826 1451 Concilii,
1881 1401 1991 1437 non
2033 1383 2157 1437 dico
2200 1401 2298 1454 pro
2339 1390 2478 1436 tra(-

191 1471 310 1519 tatu
352 1466 697 1537 theologicO,
755 1469 915 1521 nimis
956 1486 1099 1538 vaga
1141 1475 1196 1521 et
1237 1468 1527 1522 indefinita
1568 1469 1746 1522 esset“
1778 1469 1811 1524 ¹.
1892 1468 2077 1531 Quum
2118 1468 2246 1522 illae
2290 1485 2476 1521 emen·

192 1551 445 1606 dationes
496 1554 728 1607 Patrum
781 1554 1060 1624 suffragiis
1113 1562 1594 1625 proponerentur,
1655 1556 1898 1609 reiectae
1956 1560 2083 1607 sunt
2138 1572 2170 1607 a
2216 1553 2478 1608 Patribus

192 1638 311 1692 fere
356 1639 610 1692 omnibus
635 1637 672 1692 ².

341 1726 452 1781 Sed
505 1746 673 1798 quum
728 1734 922 1799 postea
963 1727 1038 1796 (d.
1089 1730 1169 1782 13.
1215 1728 1365 1797 Iulii)
1418 1727 1486 1782 de
1542 1745 1694 1782 more
1748 1734 1866 1781 tota
1908 1728 2244 1783 Constitutio
2286 1728 2480 1782 suffra·

190 1813 293 1882 giis
335 1814 719 1879 subiiceretur,
763 1814 935 1884 aliqui
977 1832 1075 1867 suo
1122 1814 1380 1880 „Placet“
1428 1815 1569 1867 hanc
1613 1814 1990 1868 conditionem
2032 1814 2376 1882 adiecerunt,
2418 1820 2478 1867 ut

190 1900 247 1951 in
301 1899 625 1952 definitione
682 1901 890 1953 mentio
945 1900 1104 1953 fieret
1157 1918 1457 1954 consensus
1509 1900 1797 1954 Ecclesiae
1851 1901 1939 1955 vel
1991 1900 2398 1973 Episcoporum
2448 1919 2479 1952 a

192 1985 418 2039 Summo
472 1986 743 2039 Pontifice
807 2004 905 2056 pro
966 1985 1291 2040 definitione
1348 2005 1420 2040 ex
1465 1986 1746 2041 Cathedra
1802 1987 2137 2059 exquirendi
2163 1985 2201 2042 3.
2279 1987 2479 2058 Neque

190 2079 377 2125 tamen
419 2073 474 2124 in
505 2072 710 2143 Congr.
754 2072 805 2126 d.
841 2074 925 2125 16.
954 2072 1103 2140 Iulii,
1147 2091 1317 2144 quum
1362 2072 1431 2126 de
1474 2072 1901 2143 exceptionibus
1942 2079 2221 2144 ageretur,
2267 2073 2335 2126 de
2376 2072 2479 2125 hac

190 2177 247 2211 re
289 2159 490 2212 iterum
518 2164 813 2211 tractatum
846 2164 943 2212 est.
1003 2158 1307 2229 Spectabat
1337 2160 1484 2211 enim
1525 2158 1595 2212 ad
1630 2176 1733 2227 res,
1780 2159 1848 2212 de
1890 2159 2090 2230 quibus
2130 2158 2481 2212 abundanter

189 2248 488 2297 tractatum
529 2250 583 2297 et
623 2243 1088 2314 Congregationis
1130 2244 1411 2314 generalis
1452 2245 1729 2298 sententia
1770 2246 1879 2298 iam
1921 2244 2034 2298 lata
2074 2249 2210 2298 erat.

338 2330 565 2398 Eorum,
606 2331 698 2401 qui
730 2330 1040 2383 definitioni
1068 2329 1481 2383 infallibilitatis
1510 2331 1829 2402 pontificiae
1864 2329 2320 2397 adversabantur,
2364 2333 2471 2382 tan-

189 2423 307 2469 tum
337 2417 622 2483 intererat,
665 2422 725 2469 ut
765 2416 862 2469 illa
903 2415 971 2468 de
1011 2416 1373 2469 ecclesiarum
1402 2417 1719 2470 testimonio
1749 2416 1958 2470 additio
2001 2417 2056 2469 in
2097 2414 2473 2468 definitionem

191 2504 553 2574 reciperetur,
594 2508 656 2554 ut
698 2519 891 2555 eorum
933 2501 1186 2572 deputati
1228 2519 1461 2574 vespere
1492 2502 1689 2574 pridie,
1733 2520 1900 2573 quam
1943 2501 2011 2555 de
2052 2499 2475 2573 exceptionibus

190 2591 247 2641 in
278 2588 731 2660 Congregatione
774 2589 1025 2658 generali
1066 2594 1345 2659 ageretur,
1389 2588 1678 2642 Summum
1721 2587 2054 2642 Pontificem
2095 2586 2315 2640 adirent
2354 2602 2477 2656 pro·

193 2676 439 2742 missuri,
494 2675 613 2729 fore
656 2681 716 2728 ut
758 2675 1087 2745 suffragium
1138 2675 1397 2742 „Placet“
1445 2675 1670 2743 darent,
1732 2674 1777 2727 si
1818 2674 1926 2728 duo
1971 2675 2028 2726 in
2071 2672 2478 2727 Constitutione

191 2768 569 2830 mutarentur,
624 2780 695 2815 ex
739 2761 939 2833 quibus
982 2762 1219 2815 alterum
1262 2767 1411 2828 erat,
1466 2768 1524 2814 ut
1576 2762 1963 2833 reciperentur
2004 2759 2176 2814 verba
2221 2758 2479 2826 „innixus

193 2850 512 2903 testimonio
567 2848 961 2902 ecclesiaruni“
990 2848 1026 2902 ⁴.
1108 2848 1265 2901 Idem
1308 2848 1480 2902 Rffius
1532 2846 1801 2920 Archiep.
1844 2846 2173 2901 Parisiensis
2226 2843 2481 2915 sequenti

193 2935 282 2989 die
324 2936 499 2989 literis
541 2936 610 2988 ad
655 2933 944 2987 Summum
985 2934 1314 2988 Pontificem
1369 2934 1510 2987 datis
1561 2933 1813 3004 promisit
1832 2932 1869 2986 5.
1946 2932 2000 2985 Is
2041 2948 2141 3003 per
2182 2928 2481 2984 Subsecre-

192 3023 394 3075 tarium
437 3021 673 3076 Concilii
714 3021 1018 3092 respondit,
1064 3039 1121 3074 se
1164 3021 1350 3074 omnia
1392 3020 1831 3092 Congregationi
1871 3017 2122 3089 generali
2163 3015 2482 3069 commissu-

191 3126 331 3176 rum,
374 3107 578 3160 iudicio
621 3107 908 3160 definitivo
951 3107 1055 3160 sibi
1098 3113 1380 3160 reservato
1404 3104 1441 3160 ⁶.
1523 3106 1717 3160 Verba
1756 3109 1984 3176 recepta
2025 3120 2133 3156 non
2177 3106 2320 3154 sunt.

340 3196 405 3249 In
450 3196 813 3263 documentiS,
858 3214 998 3266 quae
1033 3196 1337 3262 attulimus,
1378 3196 1628 3266 quaestio
1672 3197 2104 3248 commemorata
2144 3190 2340 3243 saltem
2381 3193 2479 3258 est,

191 3289 372 3335 utrum
414 3282 517 3336 duo
568 3283 626 3334 in
664 3281 894 3334 Ecclesia
944 3287 1134 3335 exstent
1170 3282 1391 3335 subiecta
1431 3281 1857 3350 infallibilz'tatis,
1911 3278 2169 3331 Summus
2210 3273 2481 3328 Pontifex

194 3374 249 3421 et
289 3369 623 3421 universitas
664 3366 1072 3438 Episcoporum
1116 3385 1241 3420 cum
1283 3367 1510 3421 Summo
1544 3367 1817 3421 Pontifice
1858 3365 2159 3428 unitorum,
2201 3378 2272 3414 an
2310 3376 2480 3413 unum

345 3576 360 3603 ¹
398 3577 604 3625 Relatio
643 3581 740 3627 etc.
813 3577 868 3626 O.
907 3578 969 3626 V.
1009 3578 1153 3626 411d
1193 3593 1303 3641 sqq.
1488 3576 1505 3606 ²
1543 3576 1599 3627 O.
1638 3577 1700 3626 V.
1738 3578 1891 3624 4210.

343 3653 359 3682 ³
397 3655 748 3719 Exceptiones
786 3660 882 3705 etc.
956 3655 1011 3705 C.
1048 3655 1112 3704 V.
1152 3657 1309 3706 444b.
1339 3671 1379 3705 c.
1420 3656 1564 3705 45‘2d
1601 3671 1674 3719 sq.

343 3731 363 3759 4
398 3733 479 3779 Ex
529 3733 726 3781 diurnis
778 3733 1162 3782 commentariis
1212 3737 1309 3782 etc.
1382 3731 1438 3782 O.
1476 3733 1538 3783 V.
1581 3733 1706 3780 1702
1725 3732 1771 3781 d.
1844 3731 1922 3781 Of.
1961 3747 2117 3795 supra
2155 3746 2267 3794 cap,
2307 3731 2349 3781 I.
2387 3724 2479 3778 Hi-

195 3811 358 3859 storia
396 3811 609 3874 originis
649 3816 746 3860 etc.
784 3828 833 3875 p.
876 3814 985 3860 123.

345 3887 361 3914 ⁵
399 3888 634 3951 Epistola
670 3890 1065 3953 Archiepiscopi
1103 3889 1266 3938 Paris.
1308 3893 1404 3938 etc.
1476 3887 1531 3938 C.
1569 3888 1633 3939 V.
1671 3890 1811 3938 9921>
1851 3904 1926 3951 sq.

0 4002 123 4038 *Q*
346 3964 363 3993 ⁶
401 3966 481 4014 Ex
519 3967 716 4015 diurnis
756 3972 852 4015 etc.
927 3967 1056 4015 Ibid.

46 4026 322 4103 “⁴³³¹‘-
