2548 4290
197 135 308 186 222
385 135 501 177 Pars
526 134 585 176 II.
631 133 786 176 Const.
822 133 877 174 de
908 132 1036 175 Eccl.
1094 132 1206 187 Cap.
1231 132 1317 173 ΙΙΙ.
1359 132 1470 186 Ipsa
1503 129 1786 173 Constitutio
1819 144 1924 173 cum
1955 131 2348 174 adnotationibus.

196 284 331 346 tum,
374 284 429 332 et
456 278 598 331 hanc
627 277 867 331 Romani
892 277 1174 332 Pontificis
1199 276 1595 331 iurisdictionis
1634 281 1988 348 potestatem,
2030 293 2172 347 quae
2200 294 2332 330 vere
2359 277 2474 347 epi-

194 363 432 434 scopalis
450 362 469 395 ¹
497 369 597 430 est,
623 361 1039 417 immediatam2
1066 380 1216 417 esse:
1248 380 1381 432 erga
1411 381 1573 434 quam
1606 363 2001 433 cuiuscumque
2034 362 2170 415 ritus
2212 368 2267 415 et
2294 362 2474 433 digni-

194 532 249 577 et
297 528 351 575 in
401 528 540 590 ipsos
592 528 857 577 Ecclesiae
911 529 1073 577 totius
1119 526 1437 591 Episcopos‚
1492 528 1614 591 quia
1659 534 1920 590 pastorum
1972 528 2187 576 omnium
2233 542 2361 575 unus
2408 534 2476 576 est

191 604 413 668 qua-storf
489 605 566 665 (O.
606 606 669 655 V.
709 608 865 656 353b.
893 605 962 668 c.)

348 685 362 711 ¹
399 684 721 748 Episcopalis
758 690 992 748 potestas
1030 687 1225 736 Summi
1261 685 1528 735 Pontificis
1576 684 1889 747 intelligitur
1935 700 2052 733 vera
2102 684 2477 746 iurisdictioni3,

194 776 298 809 non
344 762 682 825 inspectionis
721 767 926 811 tantum
964 768 1016 812 et
1054 765 1355 814 directionis
1392 767 1656 826 potestaS,
1707 778 1873 826 eaque
1910 762 2204 823 ordinaria,
2257 776 2389 825 quae
2426 765 2479 810 et

192 839 244 887 vi
280 839 508 888 muneris
543 856 639 888 nec
677 840 843 889 solum
880 841 933 888 in
970 843 1177 892 casibus
1216 841 1665 902 extraordinariis,
1704 856 1751 888 v.
1788 856 1836 903 g.
1876 840 1942 888 ad
1976 839 2291 903 supplendos
2328 836 2480 886 Ordi-

192 918 459 965 nariorum
509 919 770 980 defectus,
822 924 1124 982 exercetur,
1173 926 1332 985 atque
1366 920 1678 980 immediata,
1731 935 1864 981 quae
1900 934 2006 967 non
2054 917 2221 965 solum
2257 916 2323 965 ad
2358 915 2482 979 Epi-

193 1012 403 1059 scopos,
458 997 547 1045 sed
584 998 880 1046 immediate
918 999 1075 1047 etiam
1112 1000 1178 1048 ad
1216 1016 1394 1048 eorum
1433 1014 1618 1062 greges
1657 1015 1710 1046 se
1749 999 2001 1047 extendit.
2074 998 2158 1059 (V.
2195 1000 2368 1060 caput.
2405 995 2478 1044 113.

191 1079 468 1123 comment.
488 1074 551 1123 V.
570 1092 618 1138 p.
642 1077 735 1123 154
755 1076 887 1140 sqq.)
929 1079 1116 1140 Itaque
1140 1094 1267 1127 voce
1296 1074 1665 1141 „episcopalis“
1695 1076 1824 1124 nihil
1851 1077 2171 1137 enuntiatur,
2200 1074 2338 1139 quod
2363 1072 2478 1122 aliis

192 1151 294 1200 illis
332 1152 576 1215 vocibus,
626 1154 813 1217 quibus
860 1154 914 1202 in
952 1156 1120 1218 capite
1159 1155 1355 1204 Summi
1391 1156 1659 1204 Pontificis
1708 1159 1942 1218 potestas
1980 1153 2322 1212 describitur,
2373 1165 2479 1199 non

193 1231 296 1278 iam
334 1231 693 1292 contineatur3
745 1233 878 1280 bene
923 1237 1097 1281 autem
1147 1234 1387 1296 additur,
1443 1235 1565 1298 quia
1602 1233 1797 1282 Summi
1833 1232 2099 1282 Pontificis
2135 1233 2369 1295 potestas
2418 1243 2480 1276 ea

192 1309 369 1356 omnia
403 1309 455 1356 in
494 1309 711 1372 singulis
750 1310 1074 1361 dioecesibus
1112 1313 1329 1374 agendi,
1380 1329 1514 1376 quae
1551 1313 1650 1375 ipsi
1690 1312 2006 1361 dioecesium
2042 1310 2286 1374 Episcopi
2321 1322 2478 1370 agero

192 1393 427 1450 possunt,
470 1390 567 1438 hoc
605 1390 715 1452 ipso
754 1392 960 1439 nomine
998 1391 1261 1454 appellata
1298 1392 1361 1440 ab
1401 1393 1712 1441 adversariis
1749 1398 1939 1454 negata
1976 1395 2070 1440 est.
2141 1389 2361 1436 Praeter
2398 1400 2476 1446 ea,

194 1481 327 1529 quae
348 1484 506 1531 supra
523 1484 570 1531 p.
592 1470 704 1518 221.
723 1469 899 1518 adnot.
925 1473 966 1518 1.
992 1470 1155 1518 allata
1183 1475 1319 1531 sunt,
1348 1471 1412 1520 cf.
1442 1487 1574 1534 quae
1601 1471 1652 1518 in
1673 1471 2101 1520 adnotationibus
2119 1469 2184 1517 ad
2204 1465 2476 1531 pristinum

193 1545 406 1593 schema
445 1546 507 1594 de
543 1547 779 1595 Ecclesia
810 1547 888 1607 (O.
926 1547 989 1595 V.
1026 1548 1169 1596 615d
1208 1547 1305 1611 sq.)
1344 1549 1574 1597 citantur
1614 1565 1677 1596 ex
1713 1548 1861 1610 libro,
1901 1549 1984 1596 cui
2021 1547 2233 1596 titulus:
2275 1543 2477 1606 „Causa

191 1622 245 1669 di
292 1622 339 1672 S.
377 1624 437 1672 E.
472 1624 604 1672 Rffia
656 1625 691 1672 il
741 1624 892 1674 Oard.
944 1626 1107 1674 Girol.
1161 1624 1452 1675 d'Andrea“
1509 1626 1578 1690 (p.
1616 1625 1760 1686 310):
1818 1627 1923 1688 „La
1979 1623 2340 1674 sollecitudine
2394 1620 2466 1669 de]

166 1699 457 1750 ‘Pontefice
505 1718 661 1765 sopra
709 1707 847 1752 tutte
893 1704 942 1751 le
991 1704 1164 1752 chiese
1212 1705 1357 1767 lungi
1406 1705 1491 1753 dal
1539 1705 1737 1766 potersi
1785 1705 2102 1752 confondere
2139 1701 2274 1751 colla
2309 1699 2468 1763 provi-

189 1778 356 1827 denza
401 1779 693 1844 episcopale
731 1782 781 1829 di
828 1781 1029 1844 quelle,
1086 1783 1215 1830 deve
1263 1783 1510 1845 riputarsi
1560 1799 1663 1830 una
1712 1782 2074 1830 sollecitudine
2111 1781 2174 1829 ed
2210 1794 2316 1828 una
2352 1791 2470 1825 cura

191 1858 490 1919 primaziale
528 1860 814 1908 solamente
851 1860 1021 1908 intesa
1058 1876 1088 1908 a
1125 1861 1393 1924 supplirne
1430 1862 1477 1911 le
1516 1862 1820 1922 deficienze,
1857 1861 1922 1909 ad
1958 1860 2244 1924 impedirne
2280 1858 2329 1905 16
2364 1871 2472 1919 pre·

192 1936 522 1998 varicazioni,
562 1954 591 1985 a
627 1942 933 1987 mantenere
971 1939 1021 1987 la
1058 1940 1353 2002 concordia,
1394 1941 1454 1988 ed
1493 1957 1524 1988 a
1562 1941 1785 2003 dirigere
1821 1956 1914 2002 per
1950 1939 2103 1987 modo
2142 1937 2190 1986 le
2227 1934 2474 1995 funzioni,

189 2014 286 2062 che
323 2019 463 2064 tutte
501 2021 819 2066 consentano
857 2018 888 2066 a
924 2018 1150 2067 formare
1188 2019 1224 2066 il
1266 2019 1400 2067 bene
1439 2035 1680 2083 supremo
1721 2018 1839 2066 dell’
1876 2017 2024 2066 unita
2060 2010 2353 2065 cattolica.“
2409 2012 2475 2060 Et

191 2093 261 2156 (p.
302 2094 450 2154 322);
493 2095 589 2158 „Al
627 2096 893 2145 Pontefice
932 2103 1166 2160 compete
1203 2098 1255 2146 la
1290 2098 1547 2161 giuridica
1584 2097 1916 2161 prerogativa
1954 2097 2003 2144 di
2042 2094 2302 2144 ordinario
2341 2091 2476 2155 degli

189 2173 442 2220 ordinarii
480 2190 571 2236 per
609 2175 787 2222 diritto
826 2175 1140 2238 primaziale,
1181 2176 1243 2224 ed
1280 2176 1333 2224 in
1370 2177 1531 2225 niuna
1555 2176 1706 2239 guisa
1741 2191 1833 2239 per
1864 2175 2041 2223 diritto
2069 2170 2359 2237 episcopale
2387 2208 2398 2219 .
2426 2207 2437 2219 .
2465 2208 2477 2218 .

192 2250 240 2299 le
279 2268 370 2299 sue
407 2252 639 2300 funzioni
674 2253 810 2301 nelle
850 2254 1009 2301 altrui
1050 2254 1244 2302 diocesi
1282 2270 1386 2302 non
1424 2270 1550 2303 sono
1583 2253 1646 2302 ne
1672 2269 1896 2317 possono
1925 2268 2096 2302 essere
2132 2252 2179 2300 le
2219 2248 2478 2299 communi

191 2329 313 2378 dell’
352 2331 667 2393 episcopato,
705 2332 852 2380 bensi
890 2333 938 2380 le
975 2334 1183 2396 proprie
1223 2334 1304 2382 del
1341 2332 1611 2397 primat0.“

344 2408 359 2434 ²
400 2409 739 2470 „Immediata
791 2416 870 2458 est
922 2426 984 2458 ea
1035 2410 1315 2473 potestas,“
1371 2413 1539 2476 inquit
1584 2412 1887 2461 Tarvisinus
1935 2411 2254 2474 EpiscopuS,
2313 2422 2477 2470 „quae

190 2487 428 2535 exerceri
463 2492 637 2550 potest
674 2489 782 2536 sine
820 2489 1052 2538 adhibito
1091 2489 1260 2537 medio
1299 2492 1612 2552 necessario,
1651 2491 1848 2539 scilicet
1884 2489 2072 2550 medio,
2111 2489 2175 2536 ad
2214 2485 2353 2551 quod
2390 2485 2476 2533 ad-

191 2564 475 2613 hibendum
522 2571 773 2615 tenemur.
813 2596 874 2601 -—
916 2567 984 2616 At
1020 2567 1164 2630 Papa
1200 2572 1442 2631 potestne
1480 2570 1651 2617 omnia
1689 2569 2028 2633 episcopalia,
2070 2582 2204 2631 quae
2242 2563 2477 2613 enuntia-

192 2643 359 2691 vimus
397 2660 584 2707 supra,
640 2661 886 2693 exercere
933 2661 1026 2708 per
1074 2661 1128 2693 se
1165 2646 1218 2693 in
1257 2647 1496 2695 omnibus
1536 2648 1888 2709 dioecesibus,
1941 2647 2065 2709 quin
2102 2644 2362 2707 obligetur
2398 2640 2477 2690 uti

192 2721 362 2769 medio
400 2722 644 2786 Episcopi
680 2724 1011 2786 particularis
1062 2725 1349 2774 ecclcsiae?
1402 2730 1494 2775 aut
1533 2727 1644 2788 ipse
1691 2726 1985 2774 necessario
2024 2725 2178 2773 debet
2214 2721 2477 2771 licentiam

191 2804 369 2862 petere
407 2803 469 2849 ab
497 2802 772 2864 Episcopo,
810 2807 869 2850 ut
907 2818 986 2851 eX.
1024 2818 1100 2865 gr.
1141 2803 1534 2853 Sacramentum
1563 2803 1982 2853 Confirmationis
2019 2802 2349 2866 impertiatur
2385 2802 2477 2847 aut

190 2880 572 2928 confessionem
613 2881 838 2943 excipiat
877 2898 904 2928 a
942 2881 1221 2930 fidelibus?
1283 2882 1496 2939 Quoties
1533 2884 1597 2931 ab
1634 2883 1808 2945 aliquo
1858 2886 1963 2930 rffio
2012 2885 2221 2930 oratore
2256 2878 2477 2942 petitum

191 2957 318 3017 fuit,
369 2974 493 3006 num
531 2958 674 3021 Papa
710 2959 943 3020 indigeat
979 2959 1075 3008 hac
1112 2961 1349 3022 licentia,
1403 2962 1538 3009 risus
1575 2962 1627 3009 in
1665 2962 1762 3009 hoc
1801 2975 2048 3009 consessu
2086 2963 2164 3007 est
2200 2956 2475 3016 excitatus,

192 3037 348 3085 credo
389 3037 542 3084 etiam
582 3037 805 3095 illorum,
846 3038 935 3100 qui
973 3038 1378 3087 eliminationem
1418 3041 1557 3088 vocis
1593 3040 1905 3087 immediatae
1940 3039 2304 3101 poposcerunt.
2357 3033 2476 3081 Alia

192 3114 538 3177 eloquentiori
577 3115 896 3163 refutatione
935 3117 1310 3165 emendationis
1346 3133 1449 3165 non
1486 3115 1822 3180 indigemus.“
1899 3116 2122 3177 (Relatio
2161 3117 2256 3162 etc.
2318 3111 2374 3161 O.
2411 3110 2476 3158 V.

193 3194 289 3240 352
310 3191 378 3252 d.)
430 3219 489 3225 —
539 3192 790 3255 Deputati
841 3194 893 3240 in
946 3194 1201 3242 relatione
1255 3211 1371 3243 cum
1424 3197 1687 3244 schemate
1739 3196 1984 3244 Patribus
2037 3193 2231 3241 tradita
2282 3189 2363 3251 (O.
2410 3188 2475 3236 V.

193 3273 332 3319 2766
371 3269 529 3334 sqq.):
580 3271 786 3334 Liquet,
824 3272 1083 3334 inquiunt,
1127 3290 1449 3336 „supremam
1485 3274 1706 3323 Romani
1742 3273 2007 3322 Pontificis
2040 3274 2351 3335 potestatem
2390 3282 2477 3331 pa-

191 3349 440 3397 storalem
481 3387 529 3397 ..
558 3387 568 3397 .
607 3364 719 3397 csse
758 3387 769 3398 .
797 3388 806 3397 .
836 3387 846 3398 .
882 3350 1251 3413 immediatam,
1291 3356 1342 3400 et
1379 3354 1584 3416 quidem
1622 3369 1724 3401 non
1763 3367 1822 3400 eo
1850 3367 2020 3412 sensu,
2059 3349 2156 3398 etsi
2190 3347 2476 3405 verissimo,

194 3442 295 3490 quo
323 3427 529 3488 Petrus,
567 3427 644 3474 uti
682 3443 792 3490 cap.
822 3429 862 3474 I.
902 3428 1057 3476 huius
1085 3428 1487 3479 Constitutionis
1514 3431 1709 3493 pariter
1736 3430 2055 3478 declaratum
2082 3433 2174 3489 est,
2212 3443 2242 3474 a
2268 3426 2474 3475 Christo

191 3505 414 3554 Domino
453 3505 750 3552 immediate
786 3508 1100 3567 potestatem
1139 3508 1368 3571 accepit,
1419 3525 1595 3556 verum
1632 3509 1729 3556 hoc
1766 3523 1949 3568 sensu,
2005 3506 2143 3569 quod
2181 3521 2292 3553 eam
2331 3519 2477 3552 exer-

191 3583 408 3631 cendam
459 3583 756 3631 immediate
804 3583 856 3630 in
903 3599 1114 3646 gregem
1153 3586 1453 3634 universum
1493 3583 1742 3650 accepit“.
1811 3585 2088 3644 Afferunt,
2145 3582 2282 3646 quod
2318 3581 2474 3629 habet

193 3661 318 3709 Pius
355 3660 448 3709 VI.
486 3662 539 3708 in
576 3662 914 3723 responsione
952 3662 1076 3710 data
1111 3663 1175 3710 ad
1213 3664 1645 3727 Metropolitanos
1676 3664 2056 3726 Moguntinum,
2096 3661 2472 3719 Trevirensem,

193 3738 556 3787 Coloniensem
596 3742 647 3787 et
683 3739 1133 3802 Salisburgensem
1173 3741 1317 3800 (sect.
1355 3743 1427 3791 II.
1467 3759 1506 3791 c.
1547 3741 1645 3801 8.):
1696 3743 1866 3804 „Haec
1905 3741 2191 3789 auctoritas
2227 3734 2475 3801 pascendi

194 3832 309 3864 cum
361 3818 580 3865 clavium
628 3822 889 3881 potestate
927 3819 1228 3881 coniuncta,
1278 3820 1436 3869 Petro
1485 3821 1799 3884 peculiarem
1845 3822 1897 3868 in
1944 3819 2153 3867 modum
2202 3815 2470 3874 attributa,

195 3895 328 3942 sicut
366 3896 733 3944 auctoritatem
771 3912 896 3958 prae
934 3912 986 3944 se
1023 3897 1126 3945 fert
1162 3898 1214 3945 in
1252 3914 1428 3947 omnes
1465 3900 1642 3948 fideles
1691 3899 2005 3947 ordinariam
2042 3903 2184 3959 atque
2218 3894 2472 3942 immedia-

191 3978 321 4035 tam,
358 3974 432 4022 ita
470 3974 685 4022 eandem
723 3990 848 4037 prae
887 3990 939 4022 se
977 3975 1081 4023 fert
1117 3977 1483 4025 auctoritatem
1521 3978 1836 4026 ordinariam
1873 3982 2016 4038 atque
2050 3974 2383 4022 immediatam
2416 3971 2471 4019 in
