2548 4290
237 119 340 170 122
666 119 781 160 Pars
814 118 873 158 11.
932 117 1090 159 Const.
1126 117 1180 159 de
1211 117 1437 159 Ecclesia.
1504 116 1616 172 Cap.
1649 117 1685 159 I.
1742 118 1857 159 Eius
1889 118 2096 160 historia.

230 264 401 318 tenda
442 269 549 332 est,
605 269 661 318 et
701 266 750 319 2.
794 281 972 317 canon
1013 263 1224 317 directe
1265 263 1545 317 erroribus
1587 270 1780 318 contra
1820 265 1963 318 hanc
2005 264 2315 318 doctrinam
2355 281 2506 335 gras-

229 349 477 402 santibus
534 349 742 420 opponi
798 348 995 402 debet:
1060 349 1197 402 haec
1255 348 1363 402 duo
1423 354 1611 403 autem
1670 351 1728 403 in
1788 367 2065 404 canonum
2123 349 2418 403 schematis
2474 366 2507 402 a

227 434 488 487 Patribus
539 434 836 505 propositis
876 434 1059 486 locum
1101 452 1211 487 non
1253 433 1536 487 habebant
1562 433 1597 487 ¹.
1676 434 1875 506 Neque
1917 440 2038 489 erat
2092 433 2288 501 facile,
2343 451 2506 488 cano-

228 537 355 573 nem
397 525 591 590 quarto
634 519 800 591 capiti
841 518 1272 589 respondentem
1314 519 1585 586 formare,
1628 521 1721 591 qui
1764 520 2071 575 doctrinam
2111 520 2307 592 capitis
2348 537 2506 574 accu-

226 610 345 657 rate
387 604 693 657 exhibitam
734 604 890 657 brevi
933 604 1172 658 formula
1213 604 1730 675 comprehenderet.
1796 605 1981 668 Quare
2023 606 2092 660 de
2133 604 2509 677 deputationis

226 687 543 743 sententia2
594 690 943 743 Brixinensis
996 690 1318 761 proposuit,
1376 696 1438 743 ut
1489 691 1685 762 capitis
1737 693 2020 746 conclusio
2070 692 2140 745 ad
2193 692 2367 744 instar
2419 709 2506 745 ca-

226 776 385 828 nonis
442 775 791 829 formaretur.
871 775 1008 828 Erat
1063 780 1229 828 antea
1286 775 1457 829 haec:
1519 777 1611 843 „Si
1667 777 1789 848 quis
1845 784 2033 832 autem
2085 778 2214 831 huic
2267 777 2548 831 Nostrae.

225 861 532 915 definitioni
575 861 956 915 contradicere
1000 861 1172 932 (quod
1211 861 1365 915 Deus
1416 863 1657 930 avertat)
1698 864 2168 935 praesumpserit,
2224 864 2390 930 sciat,
2448 881 2505 917 se

224 965 255 1000 a
296 948 530 1001 veritate
582 947 714 1000 fidei
755 948 1062 1000 catholicae
1105 954 1160 1001 et
1212 947 1281 1000 ab
1323 948 1537 1001 unitate
1579 949 1866 1003 Ecclesiae
1908 949 2228 1004 defecisse.“
2254 947 2277 982 3
2354 949 2506 1004 Loco

228 1034 396 1101 „sciat
449 1034 588 1088 etc.“
644 1034 963 1104 ponendum
1017 1052 1136 1087 esse
1195 1033 1528 1100 „anathema
1579 1035 1680 1088 sit“
1707 1034 1744 1088 ⁴.
1824 1035 2159 1089 Statuebant
2212 1040 2507 1106 praeterea

224 1119 505 1190 deputati,
569 1119 736 1173 etiam
792 1120 1069 1191 prioribus
1124 1119 1301 1172 tribus
1357 1120 1634 1191 capitibus
1689 1122 1922 1192 singulis
1982 1140 2224 1176 canones
2279 1140 2506 1192 respon-

223 1205 418 1259 dentes
458 1205 780 1259 immediate
822 1205 1058 1273 addere,
1116 1212 1175 1258 ut
1216 1205 1363 1258 inter
1403 1211 1570 1276 caput
1610 1213 1867 1277 quartum
1913 1213 1968 1261 et
2007 1208 2113 1261 tria
2151 1207 2338 1278 priora
2378 1223 2507 1261 con-

224 1290 477 1344 formitas
518 1291 740 1344 adesset
757 1291 794 1345 5.
872 1291 956 1344 Ea
998 1309 1029 1344 a
1071 1290 1526 1361 Congregatione
1568 1293 1822 1363 generali
1864 1292 2321 1364 approbabantur
2343 1290 2380 1346 ⁶.

371 1379 553 1441 Quum
597 1379 768 1449 igitur
811 1384 935 1449 post
974 1380 1295 1449 generalem
1340 1378 1408 1432 de
1456 1385 1572 1433 toto
1618 1381 1901 1435 schemate
1950 1380 2349 1434 discussionem
2396 1380 2505 1433 sia-

220 1465 385 1536 gulae
450 1467 567 1519 eius
623 1472 808 1536 partes
868 1466 924 1517 in
991 1465 1423 1518 discussionibus
1482 1466 1818 1537 specialibus
1878 1467 2233 1520 examinatae
2301 1473 2503 1534 essert,

221 1570 502 1623 quumque
557 1551 979 1605 emendationes
1033 1570 1065 1604 a
1105 1551 1369 1605 Patribus
1418 1552 1737 1623 propositae
1791 1554 2037 1606 omnium
2090 1552 2369 1623 suffragiis
2423 1570 2504 1605 es-

218 1643 342 1691 sent
382 1638 694 1706 subiectae,
748 1644 915 1708 atque
968 1638 1221 1707 singulae
1264 1638 1561 1691 schematis
1615 1644 1829 1709 parteS,
1884 1638 2192 1692 secundum
2244 1637 2504 1692 emenda-

217 1725 396 1778 tiones
424 1743 456 1777 a
482 1724 742 1777 Patribus
783 1724 1045 1794 probatas
1075 1723 1431 1791 reformatae,
1470 1724 1751 1795 suffragiis
1780 1742 1971 1778 eorum
2011 1730 2272 1796 receptae
2302 1731 2502 1793 essent,

216 1810 490 1878 restabat,
544 1815 605 1862 ut
658 1809 726 1862 de
779 1815 895 1863 tota
938 1809 1389 1863 Constitutione⁷
1441 1809 1708 1881 suffragia
1762 1810 2056 1864 ferrentur.
2136 1809 2504 1881 Rogabantir

216 1896 483 1967 suffragia
539 1896 591 1950 d.
649 1899 733 1949 13.
787 1896 916 1948 Iulii
971 1896 1028 1948 in
1084 1895 1538 1965 Congregatione
1598 1896 1849 1966 generali
1902 1896 2240 1966 octogesima
2293 1896 2501 1967 quinta.

218 1981 498 2052 Suffragia
550 1981 808 2034 ferebant
861 1983 960 2034 601
1009 1981 1233 2034 Patres:
1289 1982 1391 2034 451
1444 1981 1726 2050 „Placet“,
1781 1983 1849 2036 62
1895 1981 2125 2048 „Placet
2175 1981 2335 2034 iuxta
2387 1999 2503 2034 mo-

217 2067 403 2134 dum“,
448 2069 517 2121 88
566 2067 725 2136 „Non
768 2068 985 2139 placet“
1008 2066 1046 2119 S.

363 2157 744 2229 Exceptiones
786 2158 1037 2225 Patrum,
1081 2159 1174 2228 qui
1216 2158 1543 2229 suffragium
1590 2158 1820 2225 „Placet
1860 2157 2018 2210 iuxta
2057 2156 2316 2211 modum“
2360 2157 2501 2211 tule-

213 2249 345 2296 runt
364 2242 400 2311 ⁹,
450 2244 500 2298 d.
549 2246 632 2297 14.
677 2244 806 2296 Iulii
849 2243 1104 2297 omnibus
1146 2243 1577 2297 tradebantur¹0
1617 2249 1672 2297 et
1713 2262 1744 2297 a
1787 2243 2149 2315 deputatione
2191 2244 2246 2295 in
2288 2243 2501 2297 duabus

213 2329 551 2382 sessionibus
608 2330 1076 2383 examinabantur
1109 2329 1168 2384 ¹¹.
1260 2330 1417 2392 Quae
1478 2330 1701 2383 maioris
1759 2330 2024 2383 momenti
2080 2330 2136 2381 in
2189 2330 2256 2382 iis
2313 2347 2500 2383 occui-

213 2421 360 2483 runt,
404 2416 550 2469 infra
591 2417 708 2469 sive
746 2417 801 2469 in
856 2417 1419 2470 commentationibus
1462 2417 1577 2470 sive
1619 2418 1675 2469 in
1717 2415 2170 2470 adnotationibus
2210 2416 2316 2487 ipsi
2357 2416 2499 2470 Con-

213 2502 486 2555 stitutioni
538 2503 769 2556 adiectis
822 2503 1399 2556 commemorabimus.
1480 2504 1545 2556 In
1601 2502 1817 2556 duobus
1863 2507 2079 2555 tantum
2134 2502 2269 2556 locis
2327 2503 2499 2574 depu-

213 2588 376 2656 tatiO,
429 2593 490 2641 ut
541 2588 769 2642 schema
821 2594 1134 2657 mutarent,
1189 2589 1451 2642 Patribus
1504 2588 1740 2642 suadere
1794 2588 2012 2654 statuit,
2068 2605 2140 2641 sc,
2191 2593 2252 2640 ut
2302 2588 2359 2640 in
2412 2606 2496 2641 ca-

212 2673 327 2744 pite
382 2680 577 2745 quarto
633 2675 957 2728 omitterent
1008 2675 1160 2728 locos
1218 2692 1289 2728 ex
1334 2675 1430 2728 SS.
1473 2675 1707 2727 Irenaeo
1762 2680 1816 2727 et
1856 2672 2174 2745 Augustino
2215 2674 2411 2727 citatos
2436 2671 2497 2739 ¹²,

213 2764 267 2812 et
308 2765 369 2812 ut
409 2761 465 2812 in
517 2760 626 2813 fine
682 2761 878 2831 capitis
921 2761 1103 2831 quarti
1154 2760 1225 2814 ad
1276 2760 1449 2814 verba
1495 2760 1769 2828 „Romani
1810 2759 2097 2813 Pontificis
2151 2758 2502 2813 definitionei

212 2862 283 2897 ex
325 2844 478 2898 sese“
525 2844 797 2899 adderent
847 2846 1021 2899 verba
1066 2864 1209 2913 „non
1250 2851 1437 2899 autem
1480 2864 1551 2899 ex
1606 2863 1879 2899 consensu
1920 2845 2263 2898 Ecclesiae“.
2343 2844 2501 2897 Haeo

210 2929 300 2983 vel
342 2930 543 2983 similia
583 2930 771 2997 verba,
816 2950 958 3002 quae
1003 2931 1313 2984 doctrinam
1357 2932 1487 2984 olim
1529 2932 1585 2984 in
1616 2930 1801 2984 Gallia
1829 2931 2130 2999 vigentem,
2172 2930 2363 3001 Papae
2405 2929 2499 2984 de·-

209 3013 488 3068 finitiones
518 3015 820 3069 accedente
850 3022 1066 3069 tantum
1098 3034 1373 3070 consensu
1401 3015 1688 3069 Ecclesiae
1717 3016 1807 3069 vel
1844 3015 2252 3086 Episcoporum
2293 3013 2499 3068 infalli-

212 3099 349 3153 biles
392 3118 532 3167 esse,
576 3100 786 3154 directe
814 3101 1142 3168 excludunt,
1187 3101 1396 3154 dudum
1426 3102 1537 3154 iam
1578 3119 1610 3154 a
1638 3101 1900 3154 Patribus
1929 3100 2215 3171 proposita
2256 3105 2414 3153 erant
2440 3098 2479 3133 ¹³

207 3184 393 3238 Etiam
433 3186 489 3238 in
532 3186 958 3254 exceptionibus
999 3187 1202 3240 iterum
1243 3186 1706 3258 proponebantur
1729 3185 1790 3240 1⁴.
1845 3186 1929 3239 Ea
1971 3185 2173 3254 verba,
2214 3190 2275 3238 ut
2314 3185 2489 3238 Brixi-

364 3402 375 3428 ¹
413 3402 618 3451 Relatio
660 3406 757 3451 etc.
830 3402 886 3451 O.
924 3402 986 3451 V.
1027 3405 1164 3451 4190
1204 3419 1315 3466 sqq.
1501 3401 1517 3429 2
1556 3402 1637 3450 Ex
1673 3402 1804 3451 actis
1842 3406 1940 3450 etc.
2001 3400 2057 3450 O.
2094 3401 2157 3449 V.
2199 3403 2325 3450 1694
2345 3401 2392 3450 d.
2431 3429 2491 3435 -—

207 3479 288 3527 Ex
329 3480 528 3528 diurnis
568 3484 664 3529 etc.
738 3479 792 3529 O.
832 3480 895 3528 V.
939 3481 1125 3528 1702b.

357 3557 372 3584 ³
412 3558 630 3607 Schema
667 3561 765 3607 etc.
839 3556 894 3606 O.
932 3558 996 3604 V.
1037 3560 1132 3605 273
1150 3574 1191 3606 c.
1373 3557 1393 3585 4
1429 3557 1635 3606 Relatio
1674 3562 1772 3606 etc.
1847 3556 1903 3605 G.
1942 3556 2004 3605 V.
2043 3557 2201 3606 420b.

357 3634 372 3661 ⁵
409 3636 492 3683 Ex
529 3637 658 3684 actis
697 3640 794 3684 etc.
867 3635 919 3685 O.
958 3635 1021 3685 V.
1063 3638 1189 3683 1694
1208 3637 1255 3684 d.
1438 3635 1454 3663 ‘³
1492 3635 1698 3684 Relatio
1738 3639 1836 3684 etc.
1908 3634 1964 3683 O.
2002 3635 2065 3684 V.
2105 3635 2261 3683 421d.

358 3713 372 3739 ⁷
410 3714 472 3764 V.
512 3730 625 3763 eam
663 3713 720 3763 O.
757 3714 821 3763 V.
859 3715 1001 3763 426b
1041 3729 1153 3777 sqq.
1340 3713 1355 3740 s
1393 3714 1531 3762 Acta
1568 3717 1667 3761 etc.
1741 3712 1798 3761 O.
1838 3713 1900 3761 V.
1943 3713 2085 3761 759d
2124 3729 2199 3776 sq.

352 3788 369 3818 ⁹
405 3791 753 3855 Exceptiones
791 3796 888 3841 etc.
961 3791 1017 3840 O.
1053 3791 1115 3840 V.
1155 3793 1299 3840 432a
1338 3807 1447 3855 sqq.
1632 3789 1670 3817 ¹⁰
1706 3789 1843 3838 Acta
1879 3794 1976 3839 etc.
2049 3790 2105 3839 O.
2142 3790 2205 3838 V.
2245 3791 2341 3837 760
2360 3790 2408 3838 b.

333 3866 371 3894 ¹¹
407 3868 489 3915 Ex
525 3870 653 3918 actis
692 3875 790 3918 etc.
863 3868 921 3918 O.
957 3868 1022 3918 V.
1064 3869 1235 3916 1685a
1272 3884 1383 3932 sqq.
1624 3866 1661 3894 ¹²
1701 3866 1779 3916 Cf.
1818 3883 1975 3931 supra
2011 3884 2058 3930 p.
2101 3869 2194 3915 120
2212 3866 2245 3916 ⁵.

334 3944 372 3973 ¹³
411 3946 488 3995 cf.
528 3947 746 3996 Schema
784 3952 879 3997 etc.
953 3947 1009 3996 O.
1045 3947 1109 3996 V.
1152 3948 1338 3996 1643a.
1520 3945 1564 3974 ¹4
1598 3945 1948 4009 Exceptiones
1986 3949 2084 3995 etc.
2135 3945 2191 3995 O.
2229 3945 2291 3995 V.
2330 3946 2424 3993 458
2441 3961 2483 3995 c.
