2548 4290
685 177 932 220 Comment.
963 177 1000 218 Ι.
1052 177 1121 217 De
1153 177 1283 216 initio
1318 176 1479 228 capitis
1511 176 1659 227 primi.
2214 168 2276 219 31

63 330 268 390 rentur,
297 322 655 393 quadraginta
678 323 915 392 quinque
933 322 1125 374 Patres
1153 337 1249 373 suo
1276 319 1529 386 „Placet“
1562 317 1927 370 conditionem
1949 314 2283 378 adiecerunt,

64 413 125 461 ut
163 407 354 477 capitis
393 406 553 477 primi
591 405 805 457 initium
846 408 1172 468 mutaretur3
1224 403 1317 455 alii
1357 402 1489 454 alias
1529 399 1938 453 emendationes
1987 413 2283 467 proposue-

65 495 191 544 runt
212 490 245 543 ¹.
324 489 666 558 ComplureS,
723 505 817 540 cur
866 488 1015 540 locus
1055 486 1346 538 mutandus
1386 490 1553 550 esset,
1607 484 1804 535 allatae
1856 486 1980 534 sunt
2028 481 2283 543 rationes,

66 592 199 643 quas
237 592 375 626 unus
414 573 560 625 hisce
602 571 1041 641 comprehendit:
1087 570 1299 637 „Minus
1339 569 1520 637 placet
1558 585 1667 619 vox
1696 567 1998 634 ,Romana‘.
2057 564 2196 625 Quia
2238 566 2284 616 1.

66 658 190 711 Non
231 662 312 710 est
349 656 653 708 necessaria
693 655 759 707 ab
799 655 969 719 initio,
1012 672 1134 706 cum
1176 653 1242 706 de
1276 652 1524 705 Ecclesia
1562 655 1752 720 postea
1792 667 2049 718 expresse
2088 652 2285 700 tracta-

67 740 229 807 bitur,
270 739 363 791 ubi
401 739 601 809 poterit
639 739 820 791 inseri.
862 771 926 777 -—
967 740 1016 789 2.
1056 737 1196 797 Quia
1234 754 1343 788 vox
1382 735 1528 804 apud
1568 751 1770 797 omneS,
1813 733 1903 802 qui
1943 733 2131 801 lingua
2169 731 2283 783 An-

66 824 209 892 glica
232 827 473 889 utuntur,
514 840 700 874 ansam
727 822 907 873 forsan
936 820 1224 891 praeberet
1263 836 1503 871 errorem
1540 817 1758 869 illorum
1798 815 2157 885 propagandi,
2195 815 2287 883 qui

65 906 332 975 triplicem
374 905 713 973 distinguunt
749 905 1082 969 Ecclesiam,
1124 903 1446 955 catholicam
1485 902 1779 954 Romanam
1819 918 2010 965 unam,
2060 900 2287 950 alteram

69 989 337 1054 Graecam,
362 988 576 1040 tertiam
607 988 823 1040 demum
850 988 1194 1056 Anqlicanarvz
1211 985 1248 1037 ².
1279 1014 1346 1021 -—-
1375 988 1424 1038 3.
1452 985 1517 1036 In
1545 983 1881 1053 professione
1919 982 2046 1034 fidei
2073 982 2159 1033 Pii
2187 980 2285 1033 IV.

208 1184 223 1212 ¹
258 1184 651 1232 Emendationes
687 1184 861 1231 9--44.
932 1182 987 1230 O.
1024 1182 1086 1230 V.
1123 1182 1263 1229 22110
1300 1196 1407 1243 sqq.

210 1260 227 1287 ²
262 1260 381 1307 Fuit
414 1260 539 1306 haec
586 1260 826 1321 primaria
876 1258 1022 1305 ratio.
1092 1256 1305 1306 Constat
1353 1256 1510 1315 enim,
1558 1255 1714 1302 fuisse
1762 1258 1811 1302 et
1856 1270 1966 1303 esse
2003 1256 2051 1302 in
2088 1256 2290 1317 Anglia,

72 1337 157 1398 qui
203 1336 537 1395 contendant,
589 1336 836 1383 unitatem
872 1335 1131 1381 Ecclesiae
1178 1333 1479 1380 universalis
1528 1331 1737 1378 conflari
1783 1331 2013 1393 pluribus
2066 1332 2291 1379 ecclesiis

70 1412 494 1475 particularibus,
540 1411 637 1459 fide
674 1415 724 1459 et
760 1411 1112 1458 communione
1148 1410 1280 1456 inter
1327 1425 1380 1456 se
1427 1408 1638 1455 diversis
1676 1411 1726 1454 et
1764 1409 2039 1469 separatis,
2093 1409 2154 1456 de
2191 1424 2289 1471 quo

72 1503 244 1536 errore
288 1488 413 1535 haec
450 1488 513 1534 ad
550 1487 752 1534 schema
788 1487 849 1534 de
884 1486 1114 1533 Ecclesia
1150 1501 1178 1531 a
1215 1484 1489 1545 theologis,
1538 1484 1625 1545 qui
1659 1483 1711 1529 id
1747 1484 2088 1543 scripserunt,
2141 1485 2294 1532 adno-

72 1566 269 1611 tantur:
312 1561 589 1623 Vetustzoy
593 1579 662 1609 em
686 1562 1085 1623 Anglicanorum
1113 1560 1415 1608 sententiam
1453 1559 1660 1621 exponit
1684 1558 1794 1605 Rex
1820 1559 1884 1606 M.
1910 1559 2206 1607 Britanniae
2242 1561 2291 1606 in

73 1654 166 1686 sua
201 1637 450 1700 ,Reponse
498 1655 560 1685 au
598 1638 835 1685 Cardinal
884 1638 949 1684 du
987 1634 1196 1684 Perron‘
1232 1637 1367 1711 apud
1398 1637 1562 1697 ipsum
1600 1635 1919 1682 Cardinalem
1967 1636 2017 1683 in
2055 1653 2146 1684 sua
2182 1636 2294 1695 ,Re-

73 1716 245 1777 plique
282 1716 348 1762 du
385 1714 587 1762 Cardin.
627 1715 692 1761 du
730 1710 936 1761 Perron
974 1730 1012 1761 c.
1050 1715 1140 1760 60:
1198 1698 1444 1774 ,UEg-lise
1481 1712 1750 1770 Romaine,
1791 1712 1840 1758 13
1876 1712 2126 1774 Grecque,
2164 1713 2295 1759 l'Ar-

73 1790 365 1851 menienne,
412 1791 792 1853 l’Egyptienne,
828 1790 1142 1851 l’Abyssine,
1179 1790 1228 1836 la
1262 1789 1555 1846 Moscovite,
1594 1792 1644 1835 et
1679 1789 1932 1851 plusieurs
1970 1795 2142 1836 autres
2180 1795 2294 1837 sont

74 1868 325 1916 membres
359 1868 473 1928 plus
511 1867 811 1927 excellents,
849 1867 878 1914 a
914 1868 962 1913 13
996 1865 1188 1926 verite,
1237 1881 1298 1912 en
1336 1865 1564 1912 doctrine
1601 1865 1672 1912 les
1720 1881 1813 1912 uns
1861 1881 1958 1926 que
1994 1867 2066 1913 les
2104 1871 2293 1926 autres,

75 1943 203 1990 mais
249 1943 491 1990 toutefois
527 1944 777 1991 membres
825 1943 885 1990 de
920 1942 1125 2002 l’Eglise
1162 1941 1474 2002 catholique,
1526 1940 1586 1987 (13
1622 1941 1840 2002 laquelle
1876 1941 1924 1988 la
1960 1958 2122 1989 masse
2161 1947 2210 1990 et
2246 1943 2294 1989 la

76 2023 403 2079 contexture,
456 2023 615 2081 quant
649 2019 679 2066 a
713 2020 763 2066 la
797 2019 958 2066 forme
992 2023 1229 2078 externe,
1269 2022 1371 2076 est,
1420 2018 1455 2064 il
1490 2034 1522 2079 y
1558 2034 1586 2063 a
1623 2018 1934 2079 longtemps,
1983 2020 2208 2067 dissoute
2245 2025 2295 2068 et

75 2093 488 2156 desassemblee‘3
523 2096 798 2143 ‘recentioris
832 2100 1002 2143 autem
1039 2095 1302 2142 cuiusdam
1335 2093 1734 2155 Anglicanorum
1771 2095 2005 2142 factionis
2043 2098 2293 2144 sententia

78 2175 170 2233 est,
207 2172 486 2219 catholicae
512 2172 771 2219 Ecclesiae
807 2172 1054 2219 unitatem
1093 2172 1256 2219 tribus
1294 2175 1528 2218 constare
1554 2171 1780 2217 ecclesiis
1807 2172 1909 2218 sive
1936 2174 2297 2221 communioni-

76 2248 171 2295 bus
205 2247 532 2309 partialibus,
580 2249 716 2310 apud
752 2263 877 2310 quas
914 2248 1098 2294 dicitur
1134 2262 1461 2308 perseverare
1497 2247 1659 2293 forma
1707 2247 2021 2296 hierarchiae
2062 2250 2297 2297 ecclesia-

75 2325 248 2384 sticae,
286 2339 414 2386 quae
451 2324 709 2385 originalis
746 2324 824 2371 vel
859 2325 1136 2385 apostolica
1173 2325 1261 2370 sit:
1299 2328 1532 2370 constare
1568 2323 1802 2370 nimirum
1842 2325 2085 2384 Romana,
2122 2326 2297 2388 Angli-

76 2415 203 2447 cana
239 2403 289 2447 et
324 2398 571 2446 Orientali
607 2400 710 2446 sive
748 2399 1316 2458 Graeco-schismatica,
1371 2415 1581 2461 quarum
1622 2401 1740 2446 unio
1777 2401 1895 2447 licet
1934 2402 2297 2465 desiderabilis,

76 2490 177 2522 non
214 2475 278 2523 sit
313 2479 481 2523 tamen
517 2476 828 2523 necessaria:
871 2476 1104 2534 ,L’union
1141 2475 1430 2523 exterieure
1468 2476 1553 2522 des
1590 2474 1807 2536 (11111333,ι
1845 2477 2020 2524 scribit
2056 2478 2105 2524 in
2141 2479 2298 2537 ,Eire-

76 2548 241 2598 nicon‘
278 2552 338 2598 D.
364 2551 547 2613 Pusey,
585 2553 643 2612 ,si
678 2552 905 2598 normale
932 2556 980 2598 et
1013 2553 1054 2599 si
1091 2551 1341 2599 desirable
1380 2552 1560 2612 qu'elle
1588 2553 1701 2611 soit,
1740 2553 1781 2599 si
1818 2553 2075 2600 conforme
2114 2555 2296 2617 qu’elle

76 2643 206 2675 nous
241 2628 466 2689 paraisse
502 2628 613 2675 313
658 2627 863 2675 volonte
913 2629 973 2675 de
1009 2629 1167 2687 Dieu,
1220 2628 1351 2675 n’est
1399 2644 1486 2688 pas
1532 2627 1679 2690 apres
1727 2633 1841 2676 tout
1887 2646 1986 2676 une
2038 2631 2295 2678 condition

79 2704 506 2751 essentiellement
543 2708 593 2751 et
619 2705 940 2752 absolument
963 2704 1250 2752 necessaire
1277 2704 1305 2751 a
1330 2705 1623 2751 l'existence
1661 2705 1721 2752 de
1746 2690 1951 2765 l’Eglise
1976 2708 2295 2755 universelle.

78 2779 350 2826 L'histoire
387 2784 463 2825 est
498 2779 548 2826 la
583 2780 669 2840 qui
705 2795 832 2827 nous
869 2796 930 2826 en
965 2781 1159 2827 fournit
1194 2780 1267 2827 les
1307 2796 1519 2839 preuves
1556 2781 1628 2826 les
1654 2781 1767 2841 plus
1792 2780 2295 2843 ρό131ηρ101133.Ε11

78 2854 215 2927 effet,
252 2855 324 2902 les
361 2855 568 2902 annales
606 2854 1016 2918 ecclesiastiques
1052 2872 1181 2903 nous
1216 2861 1491 2916 montrent,
1529 2873 1690 2904 meme
1728 2858 1852 2903 dans
1889 2858 1936 2905 la
1971 2858 2178 2918 periode
2214 2860 2296 2918 ((13

78 2894 301 2991 l'Eglise)
349 2931 591 2989 indivise,
644 2932 693 2978 13
729 2933 1048 2979 communion
1096 2931 1468 2993 frequemment
1513 2933 1858 2994 interrompue
1906 2939 1956 2981 et
2004 2936 2075 2981 133
2112 2933 2295 2997 eglises

77 3005 430 3065 particulieres
476 3023 506 3054 3
553 3008 774 3054 diverses
820 3008 1039 3067 reprises
1077 3006 1310 3069 separees
1348 3007 1419 3054 les
1456 3024 1582 3055 unes
1622 3010 1708 3055 (133
1755 3014 1927 3057 autres
1964 3015 2015 3058 et
2059 3010 2297 3072 speciale-

79 3086 219 3129 ment
254 3080 489 3144 separees
527 3084 587 3130 de
622 3083 795 3130 Rome.
865 3084 1037 3130 Est-ce
1074 3084 1102 3131 a
1139 3084 1245 3130 dire
1282 3099 1410 3143 pour
1447 3084 1554 3130 cela
1592 3085 1710 3146 qu’il
1747 3102 1778 3146 y
1815 3087 1901 3132 eut
1936 3086 2095 3134 losion
2134 3104 2299 3135 essen-

81 3158 219 3204 tielle
256 3158 378 3204 dans
413 3158 486 3205 les
521 3161 770 3206 membres
808 3159 1268 3206 1110111311131131113111
1316 3160 1610 3219 disloques‘?
1672 3162 1768 3208 Les
1815 3178 1951 3209 ames
2000 3166 2181 3211 3011133
2230 3166 2295 3212 (111

82 3236 256 3279 centre
306 3233 367 3279 de
414 3233 605 3280 l'union
655 3234 833 3281 visible
885 3249 938 3281 se
989 3236 1299 3282 trouvaient-
1304 3236 1425 3282 elles
1477 3251 1567 3296 par
1616 3237 1662 3283 13
1713 3238 1805 3284 fait
1856 3255 2016 3286 11131113
2066 3240 2183 3287 hors
2236 3241 2296 3287 de

82 3292 286 3369 l’Eglise
324 3312 373 3355 et
410 3309 470 3355 de
505 3310 555 3356 la
589 3310 701 3355 voic
740 3310 806 3355 du
845 3310 1013 3356 salut?
1073 3310 1186 3357 Non
1224 3310 1567 3372 assurement,
1617 3313 1832 3374 puisque
1871 3315 1993 3361 dans
2036 3316 2108 3362 les
2145 3331 2296 3377 rangs

84 3382 145 3429 de
180 3397 262 3429 ces
298 3384 683 3446 schismatiques
721 3390 770 3432 et
807 3385 867 3432 de
893 3400 974 3432 ces
1002 3386 1377 3433 excommunies
1402 3386 1693 3449 ρ131311(1113,
1730 3405 1857 3436 110113
1883 3405 2075 3450 voyons
2110 3391 2298 3452 figurer

84 3458 171 3505 des
205 3473 545 3521 personnages
592 3461 740 3507 d’une
787 3465 934 3508 vertu
973 3477 1087 3507 sans
1134 3464 1377 3523 reproche
1425 3468 1474 3510 et
1526 3465 1610 3510 (133
1659 3466 1817 3512 saints
1852 3467 2298 3515 universellement

81 3548 332 3580 reconnus
366 3550 496 3595 pour
530 3536 625 3582 tels
661 3552 751 3597 par
786 3521 990 3597 l’Eglise
1025 3538 1251 3585 romaine
1288 3539 1402 3585 elle·
1406 3556 1580 3587 meme.
1650 3541 1726 3586 En
1762 3541 1895 3587 voila
1930 3542 2041 3603 plus
2079 3558 2143 3603 qu
2151 3544 2197 3589 ’11
2235 3560 2298 3591 113

81 3608 193 3655 faut
227 3624 355 3670 pour
401 3625 529 3657 nous
576 3626 808 3659 rassurer
855 3616 1029 3659 contre
1077 3617 1246 3660 toutes
1293 3614 1365 3661 les
1403 3614 1737 3662 ‹Eventualitcs
1786 3617 1845 3663 de
1893 3618 2117 3664 l⁷avenir.
2189 3619 2297 3675 Que

82 3699 174 3731 nos
211 3699 426 3732 avances
463 3686 524 3732 de
558 3688 982 3773 rapprochement
1029 3689 1194 3736 soient
1230 3689 1493 3751 acceptees
1532 3706 1595 3737 ou
1632 3707 1760 3751 non,
1799 3707 1855 3739 ce
1891 3693 2022 3740 nest
2058 3709 2146 3755 pas
2184 3700 2298 3743 tout

84 3774 114 3805 3
148 3759 242 3806 fait
293 3776 392 3806 une
443 3762 677 3822 question
728 3763 788 3809 de
838 3763 918 3810 vie
966 3780 1032 3810 ou
1069 3765 1129 3811 de
1167 3770 1327 3826 111011,
1376 3767 1506 3812 Dieu
1553 3768 1734 3825 merci,
1782 3753 1987 3829 lEglisc
2036 3771 2297 3830 anglicane

85 3848 274 3893 pourra
311 3835 545 3896 touJ'ours
579 3839 809 3897 garantir
845 3838 873 3885 a
910 3854 987 3885 ses
1027 3839 1225 3887 enfants
1263 3841 1349 3887 des
1387 3857 1502 3902 moy
1507 3858 1593 3888 ens
1620 3843 1837 3889 certains
1863 3860 1991 3903 pour
2028 3860 2080 3892 se
2117 3848 2299 3893 sancti-

85 3909 175 3956 fier
212 3915 261 3958 et
309 3926 360 3958 se
405 3911 620 3959 sauver.‘
687 3913 878 3961 Verum
927 3915 1099 3962 scribit
1136 3916 1217 3963 Fr.
1256 3916 1438 3964 Suares
1489 3918 1536 3964 in
1588 3934 1680 3964 sua
1716 3919 1935 3977 ,Defons.
1984 3920 2065 3968 fid.
2115 3923 2298 3970 cathol.
