2548 4290
214 73 282 124 64
437 74 550 114 Pars
575 73 609 113 Ι.
654 71 811 114 Const.
847 71 901 112 de
926 71 1025 112 fide.
1085 69 1197 125 Cap.
1224 71 1283 111 ΙΙ.
1327 68 1745 112 commentat-iones
1780 69 1836 111 de
1870 71 2107 124 aliquibus
2139 71 2270 113 locis.

211 219 562 290 quisitionem
616 217 868 270 mutandi
925 217 1288 287 religionem,
1350 217 1406 268 in
1464 234 1572 287 qua
1627 216 2007 287 unusquisque
2062 216 2329 271 educatus
2385 222 2494 284 est3

211 309 374 374 atque
418 307 714 372 propterea
761 301 909 355 idem
950 302 1034 354 ius
1075 320 1185 355 non
1242 302 1422 353 minus
1464 301 1653 354 valere
1707 320 1808 372 pro
1851 301 2134 354 catholicis
2189 320 2353 373 quam
2395 322 2495 374 pro

210 388 584 442 heterodoxis.
637 387 823 457 Leges
863 389 1016 458 ipsae
1059 387 1114 438 in
1157 387 1345 439 multis
1380 387 1566 456 regnis
1595 386 1883 440 catholicis
1912 387 2059 439 latae
2088 404 2187 457 pro
2218 387 2495 455 ,libertate
2536 436 2548 447 .,

209 472 619 539 conscientiae‘,
673 478 735 524 ut
775 472 914 525 falso
957 473 1181 524 nomine
1224 471 1537 541 appellant,
1597 472 1853 541 proxime
1894 472 2210 525 innituntur
2249 479 2347 526 aut
2386 473 2493 526 sal·

207 563 319 612 tem
361 559 545 629 palam
589 558 849 611 dicuntur
891 558 1049 610 inniti
1095 558 1222 610 huic
1275 557 1566 628 principio.
1644 555 1723 610 At
1764 557 2018 629 profecto
2071 558 2129 609 in
2169 562 2285 611 toto
2331 558 2493 612 huius
2543 546 2548 584 *³

209 643 493 697 doctrinae
536 645 835 715 complexu
889 645 1012 696 iura
1054 649 1110 697 et
1162 643 1345 696 officia
1386 642 1624 695 hominis
1678 642 1747 695 ad
1799 643 2248 714 amplectendam
2289 644 2492 698 verita-

207 734 319 782 tem
363 748 394 782 a
434 729 557 783 Deo
600 730 905 782 revelatam
949 734 1004 781 et
1057 728 1127 781 ad
1170 728 1458 781 vitandum
1503 746 1749 781 errorem
1800 728 1858 780 in
1900 728 2009 782 fide
2049 733 2494 782 transmutantur
2531 780 2535 782 ,

206 815 263 867 in
314 815 436 868 iura
490 815 559 868 ad
613 814 957 885 sequendum
1012 832 1286 881 errorem,
1345 813 1689 884 argumentis
1744 830 1808 865 ac
1860 814 2033 882 notis,
2088 814 2288 885 quibus
2338 814 2494 868 Deus

207 917 360 952 suam
403 900 803 953 revelationem
846 900 902 952 in
944 917 1042 952 sua
1082 899 1337 952 Ecclesia
1391 899 1645 952 omnibus
1697 898 2016 952 hominibus
2058 899 2490 969 cognoscibilem

205 984 466 1051 reddidit,
507 985 942 1055 aequiparantur
983 984 1232 1049 umbrae,
1277 984 1476 1055 quibus
1518 1002 1672 1037 error
1709 983 1952 1054 speciem
1992 983 2174 1037 induit
2213 984 2491 1053 veritatis3

206 1070 447 1141 denique
489 1070 644 1123 nulla
685 1070 909 1123 omnino
954 1071 1092 1123 ratio
1135 1070 1372 1123 habetur
1412 1069 1626 1140 gratiae
1669 1086 1731 1121 ac
1769 1069 1993 1122 luminis
2034 1071 2490 1139 supernaturaliS,

206 1173 313 1226 quo
355 1157 509 1210 Deus
562 1158 880 1211 illuminans
934 1176 1156 1212 omnem
1209 1159 1491 1211 hominem
1540 1159 1860 1212 venientem
1912 1159 1968 1211 in
2021 1159 2167 1211 hunc
2220 1159 2489 1213 mundum

205 1242 432 1296 deducit
472 1243 540 1296 ab
582 1262 769 1297 errore
814 1250 868 1297 et
907 1244 1121 1297 inducit
1158 1244 1226 1297 ad
1268 1245 1558 1298 veritatem
1601 1244 1730 1297 fidei
1768 1245 1927 1298 unice
1967 1262 2164 1312 verae,
2216 1244 2274 1297 in
2313 1262 2488 1316 eaque

205 1329 507 1391 confirmat,
538 1331 640 1382 nisi
667 1330 901 1401 diligant
929 1331 1181 1384 homines
1206 1332 1309 1402 ipsi
1338 1331 1512 1401 magis
1540 1330 1800 1384 tenebras
1828 1350 1992 1401 quam
2020 1331 2220 1395 lucem,
2259 1337 2425 1402 propt
2441 1350 2491 1385 er

207 1414 353 1484 quod
395 1415 712 1468 iudicantur
763 1427 817 1469 et
859 1416 1193 1470 damnantur
1244 1435 1275 1469 a
1327 1417 1452 1470 luce
1505 1422 1735 1469 aeterna
1776 1417 1905 1469 Iesu
1948 1417 2167 1470 Christo
2212 1416 2392 1484 (Ioan.
2441 1420 2487 1485 ⁴3,

209 1502 467 1568 18—21).
531 1502 680 1554 Hinc
721 1502 976 1556 Vicarius
1018 1503 1146 1556 Iesu
1190 1502 1394 1556 Christi
1437 1520 1683 1556 errorem
1726 1503 1873 1555 hunc
1914 1502 2263 1574 proscripsit,
2306 1502 2351 1555 si
2391 1521 2487 1555 no-

204 1587 456 1639 minatim
508 1606 606 1658 pro
648 1588 744 1655 iis,
802 1590 895 1660 qui
952 1589 1022 1642 ad
1073 1589 1241 1642 fidem
1284 1589 1768 1660 supernaturalem
1823 1589 1880 1641 in
1921 1589 2175 1642 Ecclesia
2216 1588 2490 1641 catholica

202 1671 311 1724 iam
363 1678 787 1743 pervenerunt„
824 1680 1129 1741 asseratur,
1180 1674 1435 1742 ,liberum
1491 1674 1691 1745 cuique
1746 1674 1954 1727 homini
2007 1692 2156 1740 esse,
2211 1691 2333 1727 eam
2375 1692 2490 1726 ani-

202 1756 372 1827 plecti
413 1775 477 1810 ac
517 1759 766 1828 profiteri
805 1760 1151 1830 religionem,
1196 1778 1360 1830 quam
1391 1760 1619 1813 rationis
1647 1760 1856 1812 lumine
1899 1759 2019 1830 quis
2061 1759 2258 1812 ductus
2298 1776 2486 1811 veram

202 1844 498 1913 putaverit‘
541 1844 731 1915 (Prop.
773 1845 901 1898 XV.
947 1845 1216 1917 Syllabi)“
1244 1845 1278 1899 ¹.
2546 1916 2548 1918 Ι

351 1929 467 1983 Iam
512 1931 567 1983 in
608 1931 778 2001 priori
808 1932 902 1984 illo
934 1933 1216 1985 schemate
1259 1932 1327 1984 de
1359 1931 1611 1984 doctrina
1653 1931 1928 1985 catholica
1970 1931 2025 1983 hi
2052 1949 2269 1985 errores
2310 1930 2440 1984 reiic
2469 1965 2486 1972 -

202 2019 368 2066 untur
410 2015 561 2070 hisce
615 2016 828 2069 verbis:
887 2017 1279 2084 „Haereticam
1334 2035 1452 2070 esse
1506 2017 1851 2071 declaramus
1898 2022 1951 2070 et
1994 2016 2322 2069 damnamus
2363 2034 2485 2069 sen-

202 2101 461 2169 tentiam,
514 2103 557 2154 si
601 2103 721 2173 quis
764 2102 998 2169 dixerit,
1052 2121 1243 2174 parem
1287 2121 1405 2156 esse
1450 2103 1826 2156 conditionem
1880 2102 2128 2155 fidelium
2171 2121 2234 2155 ac
2274 2120 2484 2167 corun,

203 2186 296 2255 qui
324 2186 395 2239 ad
437 2187 603 2240 fidem
645 2188 808 2241 unice
840 2206 1027 2241 veram
1058 2188 1306 2242 nondum
1347 2194 1743 2259 pervenerunt,
1785 2189 1863 2241 ita
1902 2193 1963 2240 ut
1992 2187 2184 2241 fideles
2226 2187 2483 2240 catholici

201 2270 351 2324 licite
394 2273 603 2339 possint
644 2273 839 2340 fidem,
894 2292 1058 2344 quam
1111 2274 1211 2326 sub
1254 2274 1541 2327 Ecclesiae
1596 2274 1917 2344 magisterio
1970 2274 2080 2326 iam
2121 2280 2485 2344 susceperunt

202 2362 257 2409 et
299 2356 682 2422 crediderunt,
738 2359 794 2410 in
822 2360 973 2412 reale
1013 2359 1243 2412 dubium
1281 2377 1480 2413 vocare
1534 2364 1590 2412 et
1631 2377 1912 2412 assensum
1957 2359 2330 2430 suspendere,
2389 2358 2482 2412 do-

202 2460 303 2495 nec
347 2443 879 2498 demonstrationem
932 2446 1316 2499 credibilitatis
1368 2452 1423 2499 et
1477 2446 1726 2499 veritatis
1774 2445 2078 2499 secundum
2120 2445 2344 2516 regulas
2385 2445 2483 2497 hu-

204 2546 397 2582 manae
439 2531 703 2583 scientiae
743 2532 848 2603 ipsi
890 2531 1280 2585 absolverint.“
1306 2532 1326 2564 ²
1390 2533 1709 2586 Secundum
1750 2532 1892 2585 hanc
1933 2531 2263 2585 sententiam
2307 2547 2481 2584 canon

202 2621 392 2667 sextus
434 2617 629 2687 capitis
683 2618 832 2670 tertii
884 2619 1178 2672 schematis
1233 2619 1299 2672 de
1353 2619 1489 2685 fide,
1547 2618 1694 2690 quod
1737 2618 2087 2688 deputationi
2135 2616 2483 2688 proponeba-

202 2705 306 2768 tur,
351 2700 620 2755 formatus
662 2709 744 2774 est
766 2702 801 2769 ³,
845 2704 938 2774 qui
979 2704 1128 2757 idem
1169 2705 1225 2756 in
1268 2704 1551 2757 schemate
1593 2704 1855 2757 Patribus
1895 2702 2177 2774 proposito
2220 2701 2455 2755 recurrit
2478 2700 2499 2726 ”

206 2786 293 2853 „S.
346 2805 396 2857 q.
452 2787 531 2854 d.,
594 2806 785 2859 parem
842 2807 960 2842 esse
1018 2790 1396 2843 conditionem
1453 2790 1703 2843 fidelium
1758 2795 1923 2860 atque
1981 2806 2207 2855 eorum,
2264 2787 2357 2858 qui
2413 2788 2471 2840 ac'

201 2871 366 2924 fidem
406 2872 570 2925 unice
612 2891 801 2927 veram
845 2874 1091 2928 nondum
1133 2881 1536 2945 pervenerunt,
1579 2876 1654 2929 ita
1697 2881 1758 2928 ut
1799 2874 1992 2927 fideles
2035 2873 2291 2926 catholici
2332 2871 2473 2924 licite

201 2957 413 3026 possint
465 2957 659 3026 fidem,
717 2977 882 3029 quam
936 2960 1037 3012 sub
1079 2960 1365 3013 Ecclesiae
1419 2961 1738 3030 magisterio
1791 2960 1900 3012 iam
1954 2961 2346 3029 susceperunt,
2401 2975 2477 3009 as-

201 3059 366 3094 sensu
419 3061 686 3114 suspenso
739 3046 795 3096 in
849 3044 1078 3098 dubium
1130 3063 1359 3113 vocare,
1417 3045 1594 3099 donec
1649 3045 2182 3099 demonstrationem
2223 3042 2479 3095 scientifi-

201 3142 321 3179 cam
376 3128 757 3182 credibilitatis
814 3137 868 3183 et
921 3132 1171 3184 veritatis
1225 3131 1355 3184 fidei
1408 3150 1540 3185 suae
1596 3131 1965 3197 absolverint,
2023 3148 2070 3182 a.
2113 3127 2233 3181 s.“⁴
2309 3127 2479 3181 Hisce

203 3210 411 3264 directe
452 3213 731 3266 Hermesii
786 3215 1095 3268 doctrinam
1136 3217 1290 3269 reiici
1343 3222 1525 3287 patet,
1578 3235 1686 3287 qua
1739 3215 1991 3268 omnibus
2045 3213 2479 3274 commendatur,

200 3302 289 3364 ut,
342 3300 544 3352 etiamsi
581 3301 730 3353 nulla
770 3318 821 3353 se
870 3300 1059 3370 offerat
1098 3302 1378 3355 dubitandi
1412 3304 1573 3370 ratio,
1626 3302 1757 3355 fidei
1799 3318 2080 3354 assensum
2123 3298 2480 3370 suspendant.

200 3381 266 3434 Id
305 3383 517 3437 licitum
570 3386 821 3456 profecto
878 3405 989 3440 non
1042 3396 1140 3441 est.
1219 3388 1297 3442 At
1340 3389 1527 3440 dicunt
1568 3388 1830 3452 fortasse,
1886 3385 2194 3439 Concilium
2246 3384 2350 3438 hoc
2392 3402 2479 3437 ca-

201 3486 346 3521 none
389 3469 590 3523 docere
633 3472 827 3539 etiam,
882 3491 1165 3543 nunquam
1208 3474 1372 3543 plane
1424 3473 1706 3526 hominem
1758 3471 2090 3524 catholicum
2147 3470 2203 3522 in
2244 3470 2309 3522 iis
2351 3487 2478 3522 con-

202 3552 503 3607 ditionibus
555 3558 765 3609 versari
818 3575 1008 3628 posse,
1068 3558 1266 3628 quibus
1318 3559 1447 3611 licite
1497 3558 1662 3611 fidem
1714 3557 1770 3609 in
1822 3556 2051 3608 dubium
2094 3563 2269 3608 vocet.
2349 3553 2475 3606 Non

356 3758 366 3783 ¹
410 3758 626 3807 Schema
665 3761 725 3808 de
765 3760 1002 3807 doctrina
1040 3760 1311 3807 catholica.
1386 3758 1441 3806 C.
1479 3757 1540 3805 V.
1581 3758 1722 3805 5311)
1762 3772 1872 3819 sqq.

352 3835 366 3861 ²
406 3836 620 3885 Schema
660 3845 757 3886 etc.
829 3837 885 3886 O.
922 3838 985 3885 V.
1023 3838 1182 3885 512b.
1210 3853 1251 3884 c.
1436 3835 1451 3862 3
1491 3834 1622 3882 lbid.
1694 3833 1749 3882 O.
1788 3834 1851 3882 V.
1896 3834 2083 3881 1632b.

345 3913 365 3938 ³*
403 3914 531 3962 Ibid.
605 3914 659 3962 O.
697 3915 759 3962 V.
801 3918 924 3964 7710.
