2548 4290
231 92 335 144 164
402 93 515 135 Pars
548 92 606 133 11.
656 90 812 134 Const.
847 90 904 133 de
934 90 1059 132 Eecl.
1126 90 1237 145 Cap.
1271 90 1330 132 ΙΙ.
1381 88 1798 132 Commentationes
1832 88 1888 131 de
1918 89 2154 143 aliquibus
2187 90 2315 133 locis.

380 236 679 303 „Attamen
719 237 841 289 Effii
868 236 1161 291 Praesides
1202 256 1300 308 pro
1342 236 1739 301 moderatione,
1781 234 1838 287 in
1880 252 1989 305 qua
2028 234 2325 303 excedunt,
2365 238 2495 293 satis

226 319 541 374 faciendum
594 321 1080 376 Reverendissimo
1133 323 1539 376 existimarunt.
1622 320 1737 373 Iam
1793 320 1995 373 nudius
2051 321 2248 374 tertius
2300 320 2491 378 folium

225 413 560 475 separatum,
602 407 658 458 in
701 424 808 477 quo
851 408 1046 461 modus
1087 415 1336 478 apparet,
1378 408 1538 460 iuxta
1565 399 1734 477 quen?
1771 405 2087 460 emendatio
2131 408 2214 459 72.
2257 426 2288 459 a
2322 406 2492 478 depu-

184 519 186 521 ·
224 491 433 543 tatione
474 495 762 562 acceptata
812 491 1007 559 fuerit,
1066 493 1222 546 vobis
1264 492 1369 545 fuit
1410 491 1782 545 distributum.
1862 490 2187 561 Dignemini
2236 492 2492 548 emenda·

223 576 427 629 tionem
471 577 629 629 iuxta
669 584 912 631 mentem
967 578 1343 649 deputationis
1383 577 1704 642 admittere,
1757 593 1821 629 ac
1862 576 2094 646 proinde
2135 577 2492 633 insertionem

220 659 379 713 incisi
418 663 779 732 approbare.“
803 663 819 696 ¹

372 750 780 805 Emendatione
823 752 1087 822 perlecta,
1128 752 1396 822 suffragia
1437 752 1715 822 exquisita
1756 757 1899 819 sunt,
1944 757 1999 805 et
2029 751 2236 820 duplici
2277 754 2493 823 experi-

221 841 408 888 mento
462 855 612 890 more
665 837 825 890 solito
879 837 1055 904 facte,
1109 839 1286 910 ipsam
1341 838 1788 891 emendationem
1839 838 2007 908 longe
2051 838 2224 890 maior
2265 838 2492 892 Patrum
2546 827 2548 830 ⁸

222 939 346 991 pars
389 922 634 989 admisit3
679 942 913 994 eamque
956 931 1303 994 acceptatam
1344 924 1512 977 fuisse
1554 942 1585 977 a
1615 923 2065 994 Congregatione
2094 925 2344 995 generali
2386 925 2494 996 pri-

222 1023 340 1059 mus
383 1007 615 1061 Praeses
658 1009 962 1062 declaravit
982 1007 1020 1063 2.

367 1097 551 1150 Etiam
604 1104 797 1169 postea
850 1099 906 1151 in
960 1098 1410 1169 Congregatione
1467 1098 1715 1168 generali
1778 1097 2116 1167 octogesima
2167 1098 2360 1168 quinta
2416 1097 2489 1166 (d.

226 1184 307 1234 13.
338 1183 509 1251 Iulii),
553 1202 676 1237 cum
720 1184 788 1237 de
830 1202 981 1238 more
1022 1184 1288 1255 suffragia
1322 1184 1389 1237 de
1419 1188 1533 1237 toto
1577 1184 1756 1254 capite
1798 1183 1962 1236 tertio
2005 1188 2061 1236 et
2100 1199 2310 1237 canone
2341 1189 2492 1255 pete-

220 1274 436 1335 rentur,
494 1287 670 1323 canon
712 1271 884 1324 inciso
926 1270 1022 1323 illo
1068 1276 1259 1323 auctus
1300 1289 1333 1324 a
1372 1270 1538 1340 longe
1581 1270 1787 1322 maiore
1830 1274 1987 1340 parte
2029 1268 2261 1322 Patrum
2301 1287 2490 1341 recep-

218 1359 305 1406 tus
358 1363 440 1407 est
462 1353 499 1407 3.
592 1355 775 1417 Quum
828 1361 1014 1410 autem
1067 1358 1121 1408 in
1176 1356 1372 1410 eadem
1427 1355 1876 1425 Congregatione
1933 1355 2196 1425 suffragia
2252 1355 2319 1408 de
2375 1362 2493 1410 tota

221 1439 628 1495 Constitutione
671 1442 980 1507 ferrentur,
1036 1443 1349 1512 complures
1391 1459 1461 1495 ex
1502 1442 1599 1508 iis,
1642 1441 1733 1511 qui
1775 1459 1872 1494 suo
1915 1440 2181 1512 suffragio
2228 1442 2486 1510 „Placet“

218 1527 593 1581 conditionem
636 1528 989 1595 addiderunt⁷
1031 1529 1383 1599 postularunt
1423 1529 1640 1594 iterum,
1682 1532 1742 1579 ut
1782 1527 2015 1580 incisum
2058 1532 2438 1582 removeretur
2458 1529 2489 1583 4.

219 1611 385 1665 Tanti
428 1619 613 1667 autem
655 1615 921 1668 momenti
976 1615 1146 1685 aliqui
1198 1614 1254 1667 id
1308 1632 1426 1667 esse
1481 1612 1807 1678 censebant,
1859 1619 1919 1665 ut
1971 1612 2256 1683 deputatio
2300 1631 2489 1668 eorum

216 1698 465 1766 Patruin,
497 1701 589 1771 qui
619 1700 1072 1753 infallibilitatem
1103 1700 1440 1770 pontificiam
1470 1699 1686 1752 definiri
1714 1698 1997 1765 nolebant,
2029 1698 2317 1752 Summum
2346 1699 2488 1753 Pot-

216 1784 420 1837 tificem
451 1786 501 1838 d.
537 1788 620 1839 15.
650 1786 779 1839 Iulii
808 1786 988 1839 adiret
1014 1792 1179 1856 atque
1211 1794 1431 1856 praeter
1461 1785 1612 1837 aliud
1641 1784 1918 1856 quoddam
1960 1785 2124 1837 etiam
2155 1785 2294 1837 illud
2322 1785 2390 1838 ab
2424 1803 2489 1840 eo

216 1876 450 1941 peteret,
493 1877 553 1924 ut
594 1872 826 1924 incisum
868 1872 1005 1925 illud
1049 1872 1165 1925 tolli
1209 1871 1426 1924 iuberet
1447 1870 1486 1923 5.
1564 1871 1631 1923 Id
1671 1871 1853 1942 ipsum
1894 1889 2037 1923 unus
2079 1888 2150 1923 ex
2194 1870 2488 1942 deputatis,

215 1956 479 2029 Archiep.
524 1958 880 2025 ParisiensiS,
934 1958 1188 2029 sequenti
1231 1957 1320 2010 die
1364 1958 1528 2010 etiam
1572 1957 1808 2028 epistola
1860 1956 1929 2010 ad
1971 1956 2258 2010 Summum
2299 1957 2489 2011 Ponti-

215 2042 375 2096 ficem
429 2045 558 2097 data
599 2045 758 2115 petiit
782 2044 818 2096 ⁶.
899 2044 1007 2096 Hic
1049 2050 1235 2098 tamen
1290 2043 1484 2097 eodem
1545 2043 1632 2096 die
1688 2060 1788 2113 per
1830 2043 2306 2097 Subsecretarium
2349 2042 2488 2097 Con-

217 2129 325 2181 cilii
369 2147 462 2182 eos
505 2131 767 2184 certiores
809 2130 958 2193 fecit,
1000 2148 1057 2183 se
1100 2135 1274 2183 totum
1318 2129 1603 2200 negotium
1641 2128 2076 2199 Congregationi
2117 2129 2366 2199 generali
2406 2147 2488 2183 re-

214 2215 485 2285 linquere,
528 2216 806 2269 sententia
844 2216 1127 2269 definitiva
1168 2215 1270 2267 sibi
1300 2220 1599 2268 reservata.
1655 2215 1720 2267 In
1750 2214 2198 2285 Congregatione
2239 2215 2487 2285 generali

216 2302 555 2371 octogesima
607 2307 803 2355 octava
844 2301 921 2370 (d.
968 2303 1051 2353 16.
1092 2300 1243 2369 Iulii)
1288 2301 1457 2353 Rffius
1499 2301 1728 2365 Zinelli,
1785 2318 1909 2353 cum
1952 2300 2019 2354 de
2063 2299 2486 2361 conditionibUS,

216 2405 356 2456 quae
399 2387 677 2457 suffragiis
713 2387 961 2440 adiectae
991 2396 1166 2454 erant,
1209 2392 1428 2456 ageret:
1473 2387 2002 2453 AnimadvertimUS,
2044 2387 2224 2457 inquit
2246 2385 2281 2453 ⁷,
2325 2404 2486 2439 cano--

215 2490 342 2525 nem
383 2474 607 2525 tertium
656 2492 798 2540 „non
840 2474 907 2526 ab
950 2492 1059 2526 uno
1104 2479 1335 2539 tantum,
1379 2473 1475 2526 sed
1518 2491 1548 2525 a
1583 2473 1849 2543 pluribus,
1894 2473 1987 2543 qui
2029 2472 2292 2525 dixerunt
2317 2473 2491 2526 Placet

212 2560 363 2611 ἱππέα
403 2559 641 2626 modum,
682 2559 758 2611 sic
799 2559 1143 2629 impugnari,
1193 2565 1253 2611 ut
1294 2557 1649 2612 manifestum
1692 2559 1777 2625 sit,
1819 2558 2094 2629 aliquibus
2135 2558 2487 2629 praeiudicii}-

215 2644 283 2696 ab
327 2645 443 2697 eius
485 2645 866 2714 acceptatione
910 2645 1122 2715 aliquos
1164 2644 1506 2715 praepediri,
1551 2663 1613 2697 ac
1655 2643 1888 2715 proinde
1930 2645 2303 2698 necessarium
2345 2645 2476 2698 ducc

214 2731 545 2800 paucissima
599 2730 769 2783 verba
822 2730 1057 2793 addere,
1113 2731 1311 2801 quibus
1364 2730 1709 2801 praeiudicia
1749 2730 2032 2784 tollantur.
2111 2729 2279 2783 Nullo
2321 2729 2479 2783 modo

213 2835 312 2888 per
342 2817 738 2872 definitionem.
782 2835 890 2887 qua
916 2818 1196 2884 asseritur,
1239 2821 1412 2869 totam
1444 2816 1848 2887 plenitudinem
1879 2816 2165 2887 potestatis
2194 2832 2481 2885 supremae

213 2920 332 2956 esse
375 2904 431 2955 in
472 2904 696 2956 Summo
739 2903 1035 2969 Pontifice,
1079 2902 1379 2956 laeduntur
1420 2902 1746 2968 sententiae,
1792 2920 1932 2972 quae
1974 2900 2148 2954 libere
2188 2901 2245 2953 in
2286 2899 2482 2953 scholis

215 2989 566 3060 disputantur
609 2989 676 3042 de
721 2989 1064 3042 derivatione
1106 2988 1500 3041 iurisdictionis
1543 2988 1890 3059 episcopalis.
2363 2983 2367 2987 ’

366 3077 700 3147 „Disputant
741 3077 1007 3147 theologi,
1050 3095 1181 3128 num
1223 3081 1468 3146 potestas
1509 3075 1919 3142 iurisdictioniS,
1962 3093 2103 3146 quae
2146 3082 2228 3128 est
2268 3076 2323 3127 in
2353 3075 2483 3147 Epi-

212 3162 418 3232 scopiS,
466 3162 748 3215 derivetur
790 3162 1109 3215 immediate
1152 3180 1184 3214 a
1223 3162 1343 3214 Deo
1384 3180 1454 3213 an
1495 3161 1814 3213 immediate
1857 3179 1888 3213 a
1930 3161 2154 3214 Summo
2194 3161 2483 3214 Pontifice.

212 3249 300 3301 Illi
342 3249 486 3301 inter
528 3249 827 3301 catholicos
868 3247 1176 3318 theologOS,
1222 3249 1312 3318 qui
1356 3253 1686 3318 potestatem
1732 3246 2123 3300 iurisdictionis
2163 3247 2481 3301 immediate

213 3353 244 3387 a
284 3335 406 3387 Deo
450 3334 689 3387 derivari
731 3339 1015 3401 asserunt,
1070 3352 1190 3386 eam
1232 3339 1419 3386 tamen
1462 3333 1681 3400 dicunt,
1722 3334 1802 3385 uti
1838 3351 1937 3403 par
1978 3339 2075 3403 est,
2117 3352 2149 3386 a
2188 3334 2311 3387 Deo
2355 3351 2480 3385 con-

213 3420 345 3474 ferri
388 3438 510 3473 cum
555 3438 686 3473 vera
728 3425 782 3472 et
822 3420 989 3490 plena
1031 3419 1406 3490 dependentia
1447 3438 1478 3471 a
1519 3419 1743 3472 Summo
1774 3418 2062 3472 Pontifice.
2114 3418 2277 3472 Hane
2318 3435 2481 3488 quae-

366 3623 376 3647 ¹
415 3621 618 3668 Relatio
660 3624 755 3668 etc.
827 3619 880 3668 O.
920 3620 981 3666 V.
1022 3621 1165 3668 368d
1204 3636 1314 3683 sqq.
1498 3620 1512 3646 ²
1552 3620 1681 3669 Ibid.
1756 3619 1809 3666 C.
1850 3619 1911 3667 V.
1951 3621 2109 3668 3721).

361 3699 376 3725 3
416 3700 551 3746 Acta
590 3702 687 3746 etc.
759 3697 813 3746 O.
851 3697 913 3746 V.
954 3699 1047 3746 759
1066 3714 1107 3747 c,
1289 3697 1307 3724 ⁴
1346 3699 1692 3761 Exceptiones
1731 3702 1827 3745 etc.
1899 3696 1954 3746 O.
1991 3697 2052 3745 V.
2093 3699 2230 3746 4401)
2270 3712 2379 3759 sqq.

358 3775 373 3802 5
412 3776 490 3823 Ex
541 3777 737 3823 diurnis
787 3780 883 3824 etc.
959 3775 1013 3823 C.
1051 3776 1114 3824 V.
1156 3777 1280 3822 1702
1302 3776 1348 3823 d.
1421 3775 1497 3824 Of.
1549 3775 1817 3838 epistolam
1869 3776 2069 3823 comitis
2107 3775 2286 3821 Arnim
2325 3774 2378 3823 O.
2417 3774 2477 3821 V.

216 3854 405 3902 1609d.
468 3853 544 3902 Of.
584 3870 741 3916 supra
779 3870 889 3917 cap.
928 3855 969 3902 Ι.
1007 3854 1239 3901 Historia
1278 3854 1490 3916 originis
1530 3858 1625 3901 etc.
1663 3869 1711 3916 p.
1750 3855 1856 3900 1⁶23.

361 3930 377 3958 ⁶
416 3930 470 3979 O.
511 3931 572 3978 V.
613 3932 768 3979 99210.
800 3948 840 3980 c.
1025 3931 1038 3956 ⁷
1076 3931 1281 3979 Relatio
1322 3935 1416 3980 etc.
1490 3930 1542 3979 O.
1582 3931 1644 3978 V.
1683 3932 1823 3979 4721)
1863 3946 1971 3994 sqq.
