2548 4290
238 103 307 154 58
424 103 538 144 Ρ313
571 103 605 143 Ι.
666 101 821 143 Const.
858 100 913 142 de
943 100 1045 142 fide.
1110 100 1222 155 Cap.
1256 100 1311 141 ΙΙ.
1374 99 1793 142 Commentationes
1828 98 1885 140 de
1917 99 2155 153 aliquibus
2186 98 2317 140 locis.

234 249 443 301 tinetur
484 267 665 319 neque
713 267 786 302 ex
824 249 889 301 iis
930 248 1254 301 immediate
1298 247 1444 300 effici
1494 251 1693 316 potest.
1775 245 1971 300 Solent
2021 250 2209 298 tamen
2247 245 2516 316 theologi,

237 351 405 404 quum
444 334 541 386 illa
583 332 807 386 decreta
849 338 1152 404 exponant,
1196 331 1596 401 interpretibus
1638 331 1693 383 in
1733 329 1916 397 rebus,
1960 347 2100 400 quae
2143 329 2213 382 ad
2253 330 2419 384 fidem
2462 335 2518 384 et

235 436 415 471 mores
443 437 555 471 non
583 423 852 490 spectant,
878 418 1195 471 libertatem
1224 416 1549 470 attribuere.
1600 416 1788 483 „Nihil
1817 416 2051 479 obstat,“
2083 415 2263 485 inquit
2291 415 2359 470 R.
2383 415 2516 469 Cor-

234 503 421 575 nely¹‚
466 504 792 575 „quominus
833 504 890 557 in
929 503 1094 556 rebus
1135 502 1428 569 historicis,
1471 502 1716 573 physicis
1758 502 1990 572 aliisque
2032 500 2331 567 similibus,
2374 519 2516 572 quae

234 607 335 642 nec
375 588 543 642 fidem
584 608 688 643 nec
729 608 945 643 morum
986 590 1240 660 regulam
1268 589 1566 657 attingunt,
1608 588 1838 641 Patrum
1883 588 2172 658 opiniones
2199 587 2518 658 relinquan-

232 674 377 743 tur“,
434 680 599 747 atque
642 675 1040 729 Brixinensem
1083 674 1424 745 Episcopum
1465 671 1750 726 1111111111132
1803 674 1861 726 111
1901 674 2023 744 ipsa
2065 672 2517 743 Congregatione

234 761 508 830 generali,
567 780 692 815 cum
734 761 959 814 nomine
1004 760 1382 831 deputationis
1436 777 1621 812 coram
1676 759 1930 812 omnibus
1973 759 2232 813 Patribus
2286 777 2519 831 congre-

232 845 376 915 gatis
419 845 704 900 decretum
746 846 1070 916 explicaret,
1113 845 1471 916 significasse,
1513 845 1848 914 interpretes
1891 844 1945 898 S.
1976 844 2297 916 Scripturae
2338 845 2394 897 in
2439 863 2520 899 re-

230 930 348 995 bus,
390 949 530 1001 quae
561 949 663 984 nec
692 931 762 984 ad
791 932 1122 1001 religionem
1154 936 1473 1002 spectarent
1500 948 1600 984 nec
1628 931 2008 1001 inspirationis
2050 930 2361 984 doctrinam
2396 935 2519 984 tan-

232 1022 447 1085 gerent,
488 1017 694 1070 liberos
737 1036 873 1070 esse.

383 1102 659 1173 Theologi
700 1108 904 1169 autem,
949 1121 1119 1173 quum
1162 1102 1381 1169 docent,
1425 1103 1478 1155 in
1521 1102 1689 1156 rebus
1732 1101 1801 1156 ad
1842 1102 2175 1172 religionem
2213 1120 2325 1155 non
2364 1120 2520 1173 spec-

231 1188 480 1241 tantibus
522 1207 649 1242 eum
692 1207 941 1255 sensum,
1007 1207 1206 1259 „quem
1247 1189 1429 1242 tenuit
1471 1206 1533 1241 ac
1574 1193 1732 1242 tenet
1772 1207 1812 1241 3.
1855 1187 2037 1241 Mater
2076 1187 2380 1255 Ecclesia“,
2434 1206 2520 1243 :fe-

229 1272 408 1343 linqui
449 1292 627 1344 posse,
670 1275 737 1327 (13
780 1274 1157 1344 explicatione
1201 1274 1255 1328 S.
1300 1274 1620 1346 Scripturae
1660 1275 1813 1345 loqui
1857 1274 2067 1341 solent,
2111 1291 2254 1345 quae
2294 1273 2520 1328 Patriam

230 1360 551 1412 consensione
589 1360 680 1412 vel
720 1358 995 1412 ordinario
1036 1359 1291 1412 Ecclesiae
1331 1361 1653 1429 inaqisteriO,
1706 1378 1817 1413 non
1860 1359 1926 1413 de
1971 1378 2064 1425 ea,
2124 1377 2265 1430 quae
2305 1359 2523 1414 solemni

229 1443 485 1498 Ecclesiae
523 1445 715 1498 iudicio
755 1447 1106 1517 proponitur.
1186 1445 1335 1498 Fieri
1380 1445 1633 1516 profecto
1676 1450 1891 1516 potest,
1935 1451 1997 1498 ut
2036 1445 2308 1512 Ecclesia,
2351 1463 2519 1516 quum

232 1529 299 1583 de
338 1549 502 1583 sensu
544 1531 777 1584 alicuius
818 1532 926 1584 loci
966 1531 1288 1602 Scripturac
1332 1532 1712 1584 controversia
1753 1536 1873 1584 orta
1914 1532 2000 1597 sit,
2044 1532 2211 1585 etiam
2251 1531 2307 1583 in
2349 1549 2408 1584 re
2452 1531 2519 1585 ad

228 1615 559 1685 religionem
598 1634 711 1670 non
752 1622 1042 1688 spectante
1082 1616 1290 1670 iudicio
1335 1615 1623 1669 definitivo
1667 1616 1905 1683 decidat,
1952 1617 2073 1688 quis
2115 1618 2184 1670 sit
2222 1617 2371 1670 illius
2412 1617 2520 1670 loci

230 1717 449 1767 sensUS,
492 1701 569 1753 ita
609 1706 670 1754 ut
711 1702 1023 1772 quaestioni
1057 1701 1222 1754 finem
1254 1701 1521 1773 imponat,
1566 1719 1669 1754 nec
1709 1702 1819 1755 iam
1862 1702 2024 1755 aliter
2065 1720 2191 1756 eum
2233 1702 2518 1772 explicare

227 1785 405 1838 liceat.
489 1785 872 1840 Contenderat
911 1786 1149 1858 scriptor
1190 1786 1414 1857 quidam
1459 1786 1827 1854 Germaniae,
1869 1788 2135 1841 veritates
2177 1787 2518 1857 Scripturae,

229 1889 371 1943 quae
412 1890 523 1925 non
564 1878 793 1944 propter
835 1890 910 1940 se,
954 1872 1050 1925 sed
1093 1878 1322 1943 propter
1364 1872 1500 1924 alias
1541 1872 1845 1943 inspiratae
1888 1877 2089 1939 essent,
2133 1872 2203 1925 ad
2230 1873 2518 1927 Ecclesiae

227 1958 471 2011 tribunal
525 1977 636 2011 non
688 1960 990 2030 pertinere.
1069 1958 1136 2011 Ei
1190 1957 1477 2028 respondit
1516 1957 1845 2024 Franzelin,
1903 1957 1961 2010 id
2006 1959 2115 2026 „ita
2157 1959 2411 2013 absolute
2458 1976 2518 2012 ac

228 2045 588 2115 simpliciter“
646 2044 752 2098 dici
803 2063 915 2098 non
972 2063 1161 2116 posse,
1216 2062 1385 2115 quum
1427 2044 1692 2097 veritates
1744 2044 1874 2097 11133
1917 2062 2018 2113 per
2058 2046 2233 2115 ipsam
2285 2044 2518 2116 111311113-

227 2130 435 2182 tionem
479 2129 834 2184 elevarentur
886 2130 955 2182 ad
999 2130 1248 2183 ordinem
1293 2130 1579 2199 religionis
1636 2147 1699 2182 ac
1741 2129 1897 2182 fidei:
1962 2129 2190 2197 „Potest
2238 2147 2370 2183 sane
2412 2129 2518 2183 Ec·

227 2215 394 2269 clesia
436 2215 503 2269 de
546 2216 630 2268 his
682 2216 930 2268 iudicare
973 2215 1374 2282 infallibiliter,
1434 2215 1678 2268 maxime
1731 2215 1776 2267 si
1818 2233 1956 2286 opus
2007 2216 2078 2267 sit
2117 2220 2347 2286 propter
2388 2215 2515 2282 alia,

228 2301 298 2354 ad
349 2302 658 2354 custodiam
712 2320 914 2373 nempe
969 2301 1204 2372 depositi
1255 2319 1355 2372 per
1397 2318 1454 2353 se
1508 2299 1841 2354 revelati.“3
1918 2300 1984 2353 Id
2030 2299 2284 2372 profecto
2325 2304 2516 2354 rectis-

230 2386 387 2439 sime.
466 2387 524 2440 Si
567 2388 687 2458 quis
729 2407 779 2441 v.
823 2406 875 2457 g.
919 2388 974 2439 in
1027 2387 1289 2440 historica
1342 2386 1700 2456 inquisitione
1756 2385 1823 2439 de
1866 2386 2122 2439 censibus
2176 2405 2208 2438 a
2246 2386 2517 2440 Romaris

226 2472 431 2524 habitis
474 2473 781 2526 doctrinam
835 2473 1241 2544 proposuisset,
1304 2489 1446 2542 quae
1499 2472 1657 2524 initio
1712 2472 1939 2525 secundi
1984 2471 2180 2542 capitis
2221 2470 2517 2541 Evangelii

226 2558 443 2626 Lucae,
501 2560 596 2612 ubi
638 2577 832 2613 census
874 2559 1160 2612 cuiusdam
1216 2558 1739 2611 commemoratione
1794 2562 2044 2628 tempUS,
2102 2575 2209 2628 quo
2266 2557 2518 2611 Christis

226 2651 388 2697 natus
431 2649 539 2715 est,
589 2645 896 2713 indicatur,
950 2645 1383 2712 contradiceret,
1440 2649 1634 2715 atque,
1690 2663 1760 2698 ne
1802 2645 2178 2698 narrationem
2219 2644 2517 2715 Evangelii

228 2748 257 2783 e
300 2730 484 2783 medio
537 2731 735 2784 tollere
787 2731 1101 2795 videretur,
1161 2730 1231 2783 ad
1283 2731 1657 2784 innaturalem
1701 2736 1755 2783 et
1808 2730 2218 2784 intolerabilem
2262 2730 2381 2783 eius
2421 2748 2517 2784 e<-

226 2816 584 2886 plicationem
629 2817 976 2887 confugeret,
1018 2817 1274 2870 Ecclesia
1314 2817 1432 2869 sine
1462 2816 1629 2870 dubio
1673 2835 1795 2870 cam
1839 2816 2272 2887 explicationem
2313 2815 2517 2869 infalli-

226 2902 324 2954 bili
364 2903 695 2956 auctoritate
737 2904 968 2956 reiicere
1012 2908 1214 2973 posset,
1258 2920 1428 2974 quum
1471 2903 1724 2956 doctrina
1763 2921 1862 2973 per
1904 2921 1961 2956 se
1989 2902 2240 2955 revelata
2282 2901 2349 2954 de
2378 2906 2517 2954 teri-

226 3004 361 3057 pore
401 2988 707 3041 nativitatis
746 2986 951 3041 Christi
992 2989 1419 3060 periclitaretur.
1498 2989 1617 3041 Imo
1668 3006 1734 3041 ea
1775 2988 2152 3059 explicatione
2204 2987 2514 3058 generatim

228 3071 481 3125 doctrina
523 3073 590 3126 de
631 3074 995 3145 inspiratione
1038 3075 1094 3126 in
1135 3074 1448 3145 periculum
1477 3079 1797 3138 vocaretur3
1840 3092 2009 3144 quum
2045 3072 2192 3125 enim
2222 3072 2515 3125 artificiosa

227 3158 353 3210 talis
397 3159 702 3229 explicatio
744 3159 878 3213 ferri
918 3178 1029 3213 non
1071 3165 1274 3230 posset,
1322 3159 1634 3230 periculum
1677 3165 1838 3224 esset,
1882 3177 1951 3211 ne
1993 3158 2220 3212 tandem
2261 3158 2383 3229 ipsa
2422 3175 2515 3210 ve-

227 3243 360 3296 ritas
417 3245 753 3297 narrationis
807 3245 956 3297 illius
1014 3250 1181 3315 atque
1241 3245 1431 3297 divina
1489 3244 1607 3297 eius
1664 3244 1955 3314 inspiratio
2010 3248 2330 3313 negaretur.
2421 3242 2514 3294 Ad

229 3332 542 3404 depositum
571 3334 742 3403 igitur
770 3334 1068 3386 veritatum
1097 3334 1153 3385 in
1183 3333 1237 3386 S.
1263 3333 1553 3403 Scriptura
1579 3351 1681 3404 per
1710 3350 1766 3384 se
1796 3331 2169 3384 revelatarum
2200 3329 2514 3383 custodien-

228 3418 359 3471 dum
413 3425 468 3471 et
523 3419 594 3471 ad
649 3420 1036 3472 extensionem
1092 3419 1469 3488 inspirationis
1530 3417 1924 3470 declarandam
1979 3448 2046 3454 —-
2104 3416 2162 3469 id
2219 3416 2366 3487 quod
2422 3414 2512 3467 vel

228 3505 470 3557 maxime
525 3509 739 3575 spectat
791 3504 861 3556 ad
913 3503 1297 3557 authenticum
1350 3504 1638 3556 Ecclesiae
1692 3502 2074 3573 magisterium
2117 3536 2185 3542 —
2229 3501 2513 3554 definitixo

381 3703 394 3728 1
432 3703 729 3750 Historicae
782 3706 834 3749 et
887 3701 1100 3749 criticae
1153 3701 1555 3750 introductionis
1609 3703 1661 3749 in
1714 3702 1775 3750 U.
1832 3703 1888 3750 T.
1942 3702 2101 3750 libros
2151 3716 2325 3750 sacros
2378 3716 2512 3749 com-

227 3780 469 3842 pendium
513 3797 558 3840 p.
601 3782 709 3828 146.
896 3778 912 3805 ²
951 3778 1057 3827 Cfr.
1097 3794 1254 3841 supra
1303 3796 1349 3842 p.
1389 3781 1468 3828 55.

377 3856 392 3883 ³
430 3857 653 3905 Ioannes
690 3858 747 3906 Β.
784 3857 1088 3917 Franzelin,
1140 3856 1420 3905 Tractatus
1472 3859 1535 3906 de
1575 3857 1879 3906 Traditione
1919 3863 1969 3906 et
2006 3858 2301 3920 Scriptura,
2352 3856 2509 3904 editio

228 3935 409 3995 altera,
451 3952 497 3997 p.
539 3938 650 3984 736.
