2548 4290
233 66 333 117 162
399 68 512 109 Pars
546 67 603 108 ΙΙ.
663 65 818 108 Const.
853 65 909 107 de
941 67 1066 108 Eccl.
1132 65 1243 121 Cap.
1276 66 1335 107 11.
1393 66 1811 108 Commentationes
1846 66 1902 109 de
1934 67 2171 121 aliquibus
2203 69 2333 112 lociS.

225 220 473 279 moveat,
526 214 681 284 quasi
735 218 906 265 totam
949 212 1357 284 plenitudinem
1413 213 1701 282 potestatis
1753 213 2148 267 iurisdictionis
2190 215 2496 272 tribuentes

227 300 452 352 Summo
483 298 759 363 Pontifici,
802 299 915 350 ullo
958 298 1121 352 modo
1164 298 1451 351 laedamus
1493 298 1822 369 dignitatem
1853 298 2087 352 Concilii
2129 302 2496 371 oecumenici3

224 402 351 436 nam
393 384 550 436 firma
594 390 822 436 manent
864 401 957 450 ea,
1015 401 1158 454 quae
1199 383 1256 434 in
1308 387 1589 453 postrema
1629 383 2077 455 Congregatione
2133 385 2190 437 in
2230 385 2498 441 relatione

225 469 513 522 enucleavi
566 468 634 521 de
691 474 965 539 potestate
1018 469 1186 539 plena
1228 472 1283 521 et
1336 486 1595 538 suprema
1636 470 1870 522 Concilii
1925 471 2299 537 oecumenici,
2359 489 2497 541 quae

224 560 373 607 recte
415 554 702 606 intellecta
742 560 796 606 et
837 555 1006 607 firmis
1047 553 1155 605 illis
1196 552 1607 606 conditionibus
1648 560 1703 607 et
1745 554 2231 623 declarationibUS,
2275 555 2343 609 de
2384 557 2500 627 qui-

224 638 323 690 bus
364 640 495 692 satis
537 639 671 708 dixi,
714 639 876 691 unice
919 639 1221 692 consistere
1264 643 1447 709 potest
1488 656 1613 691 cum
1655 639 1906 693 doctrina
1945 640 2103 708 fidei,
2146 658 2288 711 quae
2328 646 2498 695 totam

223 724 631 795 plenitudinem
673 743 963 794 supremae
1006 725 1296 795 potestatis
1338 724 1395 776 in
1437 724 1664 778 Summo
1707 724 1977 779 Pontifice
2018 726 2383 796 recognoscit.

377 810 487 876 „At
528 809 704 863 fuitne
749 810 1092 862 sufficienter
1135 809 1413 861 discussus
1453 811 1507 861 in
1551 809 2094 881 Congregationibus
2145 811 2500 881 generalibus

225 901 524 967 conceptus
568 895 932 967 plenitudinis
975 895 1264 966 potestatis
1306 896 1361 946 in
1403 913 1499 948 suo
1542 913 1708 948 sensu
1752 897 2017 968 proprio?
2082 896 2148 950 In
2187 898 2367 969 prima
2408 916 2501 969 pa-

222 981 497 1051 ragrapho
556 982 753 1053 capitis
808 981 956 1034 tertii
1019 999 1050 1033 a
1107 979 1354 1033 Concilio
1413 980 1686 1034 Vaticano
1745 982 2108 1050 apertissimis
2161 981 2347 1035 verbis
2401 982 2503 1036 fuit

222 1072 551 1120 renovatum
594 1067 879 1119 decretum
922 1066 1296 1136 dogmaticum
1341 1064 1576 1118 Concilii
1604 1066 1917 1120 Florentini
1958 1068 2316 1134 oecumenici,
2358 1067 2503 1138 quod

224 1152 442 1220 definit,
500 1153 722 1223 plenam
776 1158 1107 1222 potestatem
1159 1150 1419 1203 traditam
1476 1169 1596 1205 esse
1650 1153 1706 1204 in
1746 1152 1913 1205 Petro
1957 1153 2209 1207 Romano
2249 1153 2504 1207 Pontifici

222 1238 516 1310 pascendi,
569 1239 835 1309 regendi,
888 1237 1240 1308 gubernandi
1282 1238 1657 1291 universalem
1699 1237 2028 1293 Ecclesiam.
2108 1238 2242 1300 Quis
2296 1239 2502 1307 credat,

221 1324 342 1377 Effli
385 1331 439 1377 et
479 1324 597 1377 Rmi
639 1324 849 1391 PatreS,
893 1323 1202 1376 Concilium
1242 1322 1577 1375 Vaticanum
1621 1328 1777 1377 tanta
1816 1324 2167 1378 solemnitate
2211 1325 2501 1378 verborum

223 1428 520 1463 renovasse
575 1410 955 1463 definitionem
1002 1409 1237 1461 Concilii
1279 1408 1618 1476 Florentini,
1676 1416 1923 1464 attamen
1973 1428 2195 1464 sensum
2247 1410 2503 1463 tribuis3e

223 1495 422 1566 plenae
464 1496 750 1566 potestatis
792 1495 860 1548 ab
896 1496 1016 1566 ipso
1059 1494 1318 1547 definitae
1360 1495 1753 1561 restrictivum,
1795 1514 2034 1563 sensum,
2078 1497 2170 1567 qui
2200 1502 2390 1567 aperte
2421 1513 2503 1549 re-

223 1586 438 1652 pugnat
478 1582 638 1634 ideae
670 1581 1051 1652 plenitudiniS,
1096 1598 1158 1632 ac
1189 1579 1421 1651 proinde
1452 1579 1790 1633 absurdum?
1832 1581 1954 1634 Hoc
1985 1587 2171 1635 autem
2213 1598 2503 1652 argumen-

223 1675 340 1719 tum
383 1666 487 1719 fuit
528 1668 583 1719 in
614 1666 1156 1736 Congregationibus
1197 1665 1553 1735 generalibus
1597 1667 1895 1737 praecipue
1939 1666 2262 1734 discussum,
2303 1684 2503 1737 nempe

223 1759 408 1804 utrum
446 1752 694 1805 definitio
725 1752 959 1805 Concilii
986 1751 1317 1818 Florentini,
1361 1768 1525 1821 quam
1554 1757 1788 1805 renovat
1818 1751 2127 1805 Concilium
2151 1751 2503 1815 Vaticanum,

223 1846 410 1909 posset
450 1839 565 1891 ullo
610 1838 773 1891 modo
815 1838 1094 1906 restringi.
1151 1836 1224 1890 Et
1267 1855 1435 1907 quum
1477 1838 1531 1888 in
1572 1836 1930 1907 generalibus
1963 1836 2504 1908 Congregationibus

224 1925 477 1977 nonnulli
520 1924 575 1976 id
617 1930 957 1990 assererent,
1016 1923 1208 1975 invicti
1264 1922 1587 1976 defensores
1643 1924 1846 1976 iurium
1888 1932 2111 1977 sanctae
2154 1923 2313 1977 Sedis
2354 1922 2505 1995 Apo-

225 2011 449 2063 stolicae
492 2010 708 2063 fortiter
763 2015 1186 2080 propugnarunt
1239 2008 1538 2061 universali
1592 2008 1707 2061 fere
1750 2010 1945 2080 plausu
1999 2010 2159 2062 huius
2200 2009 2505 2063 venerandi

226 2115 545 2163 consessusz,
604 2095 1009 2166 plenitudinem
1071 2095 1462 2147 iurisdictionis
1517 2095 1728 2148 Summi
1782 2095 2065 2148 Pontificis
2122 2113 2240 2149 esse
2296 2096 2352 2148 in
2407 2113 2503 2148 suo

230 2184 452 2254 proprio
495 2201 659 2236 sensu
701 2181 1154 2252 intelligendam,
1198 2181 1333 2233 nihil
1362 2181 1755 2234 iurisdictionis
1790 2182 2195 2235 ecclesiasticae
2225 2199 2383 2252 posse
2425 2181 2505 2233 illi

228 2269 493 2334 subtrahi,
537 2268 702 2320 nullis
745 2267 1010 2319 limitibus
1053 2267 1120 2318 ab
1164 2267 1406 2319 humana
1447 2284 1606 2336 posse
1650 2266 1767 2319 eius
1806 2266 2241 2320 iurisdictionem
2270 2271 2505 2320 auctor.-

228 2363 340 2408 tate
384 2355 668 2407 coarctari.
725 2354 789 2405 Id
832 2356 978 2406 clare
1022 2358 1175 2423 patet
1216 2354 1384 2405 etiam
1427 2370 1496 2404 ex
1537 2352 2017 2406 emendationibus
2071 2358 2124 2405 et
2165 2371 2193 2406 e
2234 2352 2502 2407 relatione

231 2440 297 2493 de
340 2441 447 2492 illis
489 2440 645 2492 vobis
688 2458 718 2490 a
760 2457 845 2491 me
890 2438 1092 2491 facta¹.

383 2526 532 2593 „Vos
572 2527 736 2591 scitis,
779 2525 900 2578 Effii
943 2537 995 2577 et
1024 2524 1147 2577 Rffii
1179 2525 1391 2589 PatreS,
1434 2525 1656 2577 nomine
1696 2524 2067 2594 deputationis
2110 2542 2196 2577 me
2239 2524 2354 2577 sine
2395 2522 2508 2575 ulla

231 2612 525 2665 verborum
567 2611 929 2681 ambiguitate
975 2610 1316 2678 declarasse,
1359 2610 1530 2663 verba
1563 2610 1774 2679 plenam
1810 2616 2101 2680 potestatem
2143 2607 2507 2679 intelligendi

232 2717 349 2752 esse
392 2700 447 2750 in
491 2705 606 2751 tota
649 2716 840 2751 eorum
882 2697 1271 2769 amplitudine,
1317 2715 1610 2767 perperam
1653 2696 1905 2749 restricto
1949 2715 2113 2749 sensu
2155 2694 2507 2766 interpretaii

230 2786 526 2838 nonnullos
569 2784 867 2836 clausulam
912 2783 1353 2854 quemadmodum
1382 2789 1484 2849 ete„
1526 2799 1667 2852 quae
1709 2789 1790 2834 est
1830 2783 1885 2834 in
1926 2783 2032 2835 fine
2070 2786 2258 2835 textus
2287 2779 2510 2833 adducii

233 2871 466 2924 Concilii
495 2870 822 2937 Florentini,
866 2876 919 2922 et
961 2870 1062 2922 hoc
1104 2875 1296 2939 patere
1340 2867 1628 2921 evidenter
1657 2884 1728 2918 ex
1757 2874 2039 2936 contextU,
2083 2885 2153 2920 ex
2195 2867 2249 2918 vi
2279 2865 2507 2937 phrasis,

232 2976 301 3010 ex
356 2957 699 3026 argumentis
752 2956 1026 3009 historicis
1079 2956 1311 3026 aliisque
1366 2955 1507 3007 bene
1550 2953 1754 3006 multis,
1835 2954 1907 3007 Et
1947 2972 2070 3021 vOS,
2129 2954 2249 3007 Effii
2292 2960 2345 3006 et
2386 2951 2509 3005 Rffli

233 3044 461 3109 Patres,
517 3043 731 3112 quoties
774 3042 1091 3112 propositae
1134 3042 1362 3094 fuerunt
1404 3039 1821 3093 emendationes
1863 3039 2020 3105 illae,
2067 3057 2208 3109 quae
2250 3037 2507 3091 restricti-

233 3147 360 3181 vum
390 3146 611 3180 sensum
640 3128 921 3180 insinuare
952 3127 1232 3189 volebant,
1276 3133 1460 3180 vestro
1492 3125 1895 3195 sapientissimo
1926 3125 2126 3177 iudicio
2156 3128 2507 3195 acceptante3

234 3221 424 3268 votum
469 3215 843 3285 deputationis
884 3219 1119 3282 vestrae,
1163 3215 1280 3266 sine
1322 3214 1436 3265 ulla
1476 3213 1826 3265 cunctatione
1868 3212 2150 3265 reiecistis.

388 3300 612 3367 „Mirari
664 3301 834 3369 igitur
887 3318 997 3352 non
1040 3300 1265 3366 desin0,
1323 3299 1441 3352 Effii
1487 3304 1541 3351 et
1582 3298 1707 3352 Rffii
1749 3298 1971 3367 PatreS,
2025 3316 2131 3367 qua
2190 3297 2402 3349 ratione
2452 3295 2506 3347 in

234 3395 516 3455 postrema
559 3386 1009 3456 Congregatione
1063 3386 1314 3456 generali
1367 3386 1596 3438 dubium
1655 3385 1891 3438 suboriri
1944 3385 2211 3453 potuerit,
2268 3401 2398 3435 num
2441 3381 2507 3434 do

236 3474 338 3525 hoc
396 3478 727 3542 argumento
784 3472 911 3523 hinc
969 3471 1097 3523 inde
1156 3473 1209 3523 in
1267 3471 1808 3541 Congregationibus
1865 3470 2203 3540 disputatum
2259 3486 2367 3521 non
2425 3467 2507 3525 sit,

239 3558 368 3610 dum
410 3559 590 3610 adhuc
631 3559 686 3609 in
729 3558 829 3609 hac
871 3557 998 3609 aula
1039 3557 1373 3610 resonabant
1406 3557 1592 3623 verba,
1637 3556 1834 3627 quibus
1876 3573 1978 3624 ego
2010 3555 2296 3607 occasione
2327 3570 2508 3606 emen·-

239 3643 522 3697 dationum
564 3643 664 3696 sub
707 3643 949 3695 numeris
992 3644 1079 3694 35.
1122 3652 1175 3695 et
1217 3645 1302 3695 36.
1348 3643 1415 3695 de
1457 3642 1551 3695 illo
1594 3643 1890 3706 disserere,
1934 3658 2222 3710 exponens
2264 3657 2328 3692 ea
2370 3655 2505 3708 qua(¹

237 3731 293 3781 in
336 3730 737 3799 disceptatione
791 3748 822 3781 a
863 3728 1122 3781 Patribus
1166 3728 1312 3781 dicta
1352 3728 1538 3795 fuere,
1589 3728 1778 3780 stricto
1832 3726 2055 3797 quidem
2108 3730 2164 3777 at
2204 3743 2312 3777 non
2356 3723 2494 3776 brev.

390 3915 403 3940 ¹
444 3915 498 3963 O.
536 3915 596 3961 V.
638 3916 790 3962 3480.
819 3914 864 3962 d.
905 3915 1046 3962 356d
1084 3929 1195 3977 sqq.
1266 3913 1345 3962 Of.
1384 3930 1543 3977 supra
1580 3930 1626 3977 p.
1670 3915 1760 3961 153
1799 3929 1872 3977 sq.
