2548 4290
209 158 453 200 Comment.
486 159 609 199 VIII.
666 158 744 200 SS.
777 159 1011 199 Pontifieis
1041 158 1359 210 infallibilitas,
1390 171 1497 199 num
1528 160 1792 211 personalis,
1824 163 2030 212 separata
2066 164 2147 200 etc.
2223 159 2322 209 183

9 348 12 350 .
53 317 55 320 ·
109 300 313 353 Summi
352 299 632 351 Pontifiois
671 300 974 351 restrictam
1027 316 1142 352 esse
1182 299 1392 352 ratione
1433 298 1686 363 subiecti,
1743 300 1968 365 obiecti,
2021 304 2199 365 actUS,
2250 301 2323 351 ita

1 370 6 375 ’
56 371 59 373 C
106 382 350 453 pergit1:
411 382 707 448 „Nonnulli
748 400 818 434 ex
857 383 1005 434 Rfflis
1044 384 1315 447 Patribus,
1358 383 1438 433 his
1479 401 1584 434 non
1627 384 1895 448 contenti,
1935 384 2163 435 ulterius
2203 401 2323 451 pro-

106 465 426 535 grediuntur
477 470 531 517 et
572 465 763 517 volunt
814 466 975 517 etiam
1024 467 1079 517 in
1130 466 1269 518 hanc
1322 466 1777 518 Constitutionem
1829 466 2193 534 dogmaticam
2243 467 2322 516 in-

107 548 305 600 ducere
345 547 699 612 conditioneS,
742 565 880 616 quae
921 549 976 599 in
1018 549 1336 600 tractatibus
1377 549 1696 617 theologicis
1727 549 1971 601 diversae
2013 550 2067 600 in
2097 550 2323 601 diversis

104 631 472 696 inveniuntur,
514 635 567 682 et
607 648 744 699 quae
786 631 983 683 bonam
1011 632 1172 684 fidem
1215 637 1267 683 et
1310 632 1649 699 diligentiam
1677 632 1957 683 Pontificis
1999 633 2052 683 in
2093 633 2323 684 veritate

102 713 415 783 indaganda
456 719 509 765 et
563 715 894 766 enuntianda
936 722 1295 779 concernunt3
1349 733 1486 784 quae
1527 716 1781 783 proinde,
1836 733 1999 783 quum
2039 733 2145 767 non
2186 715 2323 767 rela-

103 797 307 850 tionem
348 797 644 862 Pontificis,
686 798 782 849 sed
823 799 1207 850 conscientiam
1247 799 1414 868 ipsius
1454 799 1656 867 ligent,
1698 798 1873 850 ordini
1913 799 2092 868 potius
2131 799 2323 850 morali

104 897 264 949 quam
316 880 622 948 dogmatico
676 881 1046 933 accensendae
1098 887 1238 933 sunt.
1315 882 1564 933 Piissime
1625 883 1767 933 enim
1820 881 2087 933 Dominus
2140 887 2324 933 noster

101 965 251 1017 Iesus
281 963 525 1016 Christus
554 965 821 1017 charisma
861 966 1101 1017 veritatis
1142 983 1250 1017 non
1292 983 1323 1016 a
1363 966 1694 1017 conscientia
1722 965 2020 1031 Pontifiois,
2063 982 2200 1032 quae
2244 973 2323 1016 est

104 1048 524 1117 uniuscuiusque
565 1066 650 1100 res
690 1050 928 1117 privata,
982 1050 1088 1100 imo
1130 1049 1519 1118 privatissima,
1573 1049 1669 1100 soli
1712 1049 1830 1100 Deo
1873 1049 2118 1116 cognita,
2160 1047 2255 1098 sed
2295 1065 2326 1098 a

101 1131 365 1182 relatione
408 1131 685 1183 Pontificis
736 1132 955 1200 publica
1006 1132 1074 1183 ad
1114 1132 1476 1183 universalem
1517 1132 1819 1183 Ecclesiam
1878 1130 2192 1200 dependens
2232 1147 2323 1181 vo-

101 1214 229 1280 luit3
271 1216 396 1283 quia
435 1215 568 1266 alias
607 1215 708 1267 hoo
748 1215 1151 1266 infallibilitatis
1192 1215 1392 1267 donum
1434 1215 1673 1267 medium
1713 1215 1908 1266 efficax
1950 1215 2018 1267 ad
2058 1215 2322 1265 unitatem

102 1297 384 1349 Ecclesiae
427 1298 855 1349 conservandam
884 1304 937 1350 et
976 1298 1336 1367 reparandam
1378 1316 1485 1349 non
1527 1304 1683 1349 esset.
1739 1298 1845 1350 Sed
1876 1297 1997 1349 ideo
2027 1298 2103 1348 nil
2130 1298 2323 1348 timen-

102 1380 261 1446 dum,
322 1399 383 1432 ac
436 1381 479 1431 si
535 1399 632 1449 per
687 1381 884 1431 malam
937 1381 1099 1432 fidem
1140 1387 1193 1433 et
1248 1381 1639 1449 negligentiam
1682 1380 1959 1432 Pontificis
2003 1380 2324 1431 universalis

100 1463 349 1516 Ecclesia
387 1465 441 1514 in
483 1481 722 1516 errorem
764 1465 905 1516 circa
944 1464 1107 1515 fidem
1149 1465 1331 1516 induci
1373 1471 1570 1534 posset.
1636 1464 1778 1516 Nam
1817 1464 1989 1515 tutela
2029 1463 2230 1515 Christi
2271 1472 2323 1514 et

101 1547 408 1599 assistentia
459 1547 640 1598 divina
680 1548 832 1599 Petri
883 1548 1283 1599 successoribus
1335 1550 1598 1617 promissa
1655 1554 1733 1600 est
1786 1566 1946 1599 causa
1997 1549 2070 1598 ita
2112 1547 2323 1611 efficax,

100 1635 162 1682 ut
198 1630 457 1682 iudicium
500 1629 704 1681 Summi
744 1630 1040 1697 Pontifieis‚
1081 1632 1122 1682 si
1165 1637 1306 1683 esset
1347 1649 1633 1683 erroneum
1677 1638 1730 1683 et
1761 1631 2041 1683 Ecclesiae
2084 1630 2323 1682 destruc-

98 1715 287 1779 tivum,
328 1714 711 1783 impediretur3
761 1720 869 1779 aut,
911 1716 953 1766 si
992 1732 1183 1784 reapse
1223 1715 1485 1767 Pontifex
1527 1716 1594 1767 ad
1637 1715 2006 1767 definitionem
2053 1714 2324 1779 deveniat,

99 1798 192 1849 illa
232 1798 593 1849 infallibiliter
634 1815 763 1849 vera
804 1799 1046 1850 exsistat.

247 1883 381 1947 „Ast
421 1883 624 1933 instant
664 1888 718 1933 et
759 1881 972 1933 dicunt:
1013 1882 1200 1935 Manet
1231 1900 1359 1950 ergo
1402 1882 1640 1934 officium
1670 1883 1966 1946 PontificiS,
2008 1888 2062 1934 et
2103 1881 2321 1950 quidem

98 1965 155 2016 in
195 1982 289 2017 suo
331 1982 533 2033 genere
574 1965 970 2033 gravissimum,
1013 1966 1191 2018 media
1232 1967 1324 2017 illa
1363 1972 1491 2034 apta
1530 1966 1598 2018 ad
1627 1968 1914 2018 veritatem
1954 1965 2319 2034 indagandam

98 2048 420 2113 adhibendi,
470 2054 522 2101 et
564 2050 807 2118 quamvis
850 2050 983 2101 haec
1024 2068 1108 2102 res
1148 2069 1257 2101 non
1298 2051 1364 2101 sit
1404 2051 1586 2102 stricte
1629 2051 1967 2118 dogmatica,
2021 2055 2101 2101 est
2140 2055 2321 2100 tamen

100 2131 341 2200 dogmati
381 2132 568 2183 intime
610 2149 873 2184 connexa.
934 2133 1236 2184 Definimus
1277 2134 1451 2185 enim:
1494 2134 1702 2185 Iudicia
1744 2132 2050 2201 dogmatica
2089 2132 2323 2183 Romani

98 2215 379 2267 Pontificis
419 2221 543 2266 sunt
584 2215 909 2268 infallibilia.
988 2216 1137 2284 Ergo
1180 2216 1498 2267 definiamus
1540 2217 1702 2268 etiam
1744 2216 1973 2268 formam
2014 2216 2068 2266 in
2108 2215 2204 2266 tali
2243 2215 2321 2265 iu-

100 2297 239 2350 dicio
280 2316 311 2350 a
350 2299 618 2350 Pontifice
658 2299 996 2351 servandam.
1076 2300 1257 2367 Haec,
1301 2305 1358 2350 ut
1398 2300 1528 2350 mihi
1569 2299 1802 2365 videtur,
1844 2305 1961 2350 erat
2001 2316 2152 2350 mens
2194 2314 2322 2366 quo-

99 2381 328 2434 rundam
355 2382 616 2433 Rffiorum
646 2383 886 2451 Pati-uin,
929 2401 1060 2451 quos
1103 2401 1172 2434 ex
1216 2383 1317 2434 hoo
1357 2383 1587 2434 ambone
1628 2383 1914 2451 loquentes
1951 2382 2151 2434 audivi.
2205 2382 2323 2445 Ast,

97 2464 216 2516 Effii
257 2482 318 2517 ao
358 2465 478 2516 Rffii
520 2465 727 2529 PatreS,
771 2466 871 2517 hoc
911 2466 1027 2517 fieri
1069 2466 1217 2518 nullo
1258 2466 1417 2517 modo
1460 2471 1663 2535 potcst3
1722 2484 1844 2517 nam
1885 2484 1994 2517 non
2036 2465 2215 2533 agitur
2257 2463 2322 2514 de

100 2565 159 2599 re
199 2565 356 2599 nova.
434 2547 550 2598 Iam
602 2549 823 2600 millena
864 2555 917 2600 et
969 2550 1189 2601 millena
1229 2550 1426 2600 iudicia
1479 2549 1783 2617 dogmatica
1835 2568 1865 2600 a
1906 2549 2047 2601 Sede
2089 2549 2323 2617 Aposto-

99 2631 205 2682 lica
245 2638 593 2696 emanarunt3
646 2632 737 2683 ubi
778 2649 904 2683 vero
948 2639 1027 2683 est
1067 2650 1267 2699 canon,
1310 2635 1399 2702 qui
1441 2633 1670 2685 formam
1711 2633 1765 2684 in
1807 2632 2072 2684 eiusmodi
2112 2631 2323 2682 iudiciis

100 2714 420 2766 servandam
462 2715 917 2783 praescripserit?

256 2797 450 2863 „Dicat
490 2796 674 2848 forsan
715 2798 936 2866 aliquis:
981 2798 1033 2849 Si
1075 2816 1184 2850 non
1225 2798 1487 2850 habemus
1529 2816 1818 2864 canonem,
1861 2799 2122 2850 faciamus
2164 2815 2322 2849 cano-

99 2896 241 2932 nem.
319 2882 421 2931 Ast
460 2879 600 2931 absit
640 2880 741 2931 hoc
783 2898 814 2931 a
855 2880 1024 2947 nobis,
1066 2899 1132 2934 ne
1174 2883 1538 2950 impingamus
1578 2883 1632 2932 in
1673 2899 1935 2933 canonem
1976 2883 2131 2933 illum
2173 2881 2320 2932 dam-

98 2967 310 3020 natum,
362 2963 505 3031 quod
547 2963 851 3015 Concilium
903 2965 971 3015 sit
1021 2983 1183 3033 supra
1231 2965 1457 3034 Papam.
1534 2965 1765 3033 Insuper
1814 2965 1883 3015 ad
1937 2964 2065 3033 quid
2115 2965 2322 3015 valeret

99 3046 362 3098 eiusmodi
402 3047 618 3098 canon?
684 3048 884 3099 Annon
937 3066 1155 3117 prorsus
1195 3049 1400 3099 inutilis
1441 3055 1611 3114 esset,
1667 3066 1786 3099 cum
1837 3066 2114 3117 nunquam
2153 3048 2322 3117 possit

98 3129 364 3180 verificari
414 3147 446 3181 a
496 3130 746 3182 fidelibus
799 3137 852 3181 et
903 3131 1184 3199 Episcopis
1237 3133 1291 3182 in
1345 3132 1473 3183 orbe
1529 3131 1829 3199 dispersis?
1886 3132 1992 3182 imo
2044 3149 2129 3182 res
2180 3138 2322 3182 esset

98 3212 254 3264 valde
295 3214 617 3282 periculosa,
659 3230 779 3264 cum
820 3215 1117 3265 innumeris
1159 3214 1593 3266 cavillationibus
1636 3219 1689 3264 et
1726 3214 2096 3265 anxietatibus
2136 3231 2319 3265 ansam

97 3296 403 3364 praeberet.
491 3297 639 3365 Ergo
697 3298 878 3366 cingat
933 3298 1131 3349 Petrus
1195 3299 1547 3367 semetipsum
1602 3299 1756 3349 iuxta
1813 3297 2040 3349 verbum
2098 3297 2319 3349 Domini

97 3379 266 3430 nostri
307 3379 432 3431 Iesu
474 3379 701 3446 Christi,
757 3397 878 3430 cum
918 3380 1117 3431 Petrus
1158 3386 1475 3432 senescente
1517 3380 1717 3431 mundo
1758 3397 1868 3431 non
1907 3386 2183 3446 senescat,
2223 3380 2319 3432 sed

97 3459 234 3511 sicut
273 3463 487 3530 aquilae
527 3469 821 3515 renovetur
859 3463 1029 3514 virtus
1071 3463 1200 3514 eius

246 3544 388 3610 „Sed
441 3545 618 3597 adhuc
659 3548 861 3598 instant
911 3552 965 3598 et
1020 3547 1232 3598 dicunt:
1291 3547 1566 3616 Quidquid
1606 3547 1674 3598 sit
1726 3547 1792 3598 de
1844 3547 1949 3597 illis
1989 3546 2180 3598 mediis
2221 3547 2317 3597 hu-

98 3628 299 3694 maniS,
360 3630 624 3680 auxilium
665 3630 971 3696 Ecclesiae,
1015 3647 1263 3682 assensus
1303 3631 1600 3697 Ecclesiae,
1641 3630 1696 3681 id
1736 3635 1816 3682 est
1856 3630 2225 3681 testimonium
2266 3636 2320 3681 et

98 3710 380 3761 consilium
419 3711 845 3780 Episcoporum,
901 3730 1010 3764 non
1050 3713 1387 3765 solummodo
1430 3732 1536 3765 non
1577 3718 1756 3782 potest
1797 3713 2016 3765 excludi
2058 3730 2088 3764 a
2130 3712 2316 3764 defini-

246 3883 259 3909 ¹
295 3883 495 3931 Relatio
534 3887 626 3932 etc.
698 3885 754 3932 C.
791 3887 851 3933 V.
890 3888 1027 3934 401b
1068 3903 1175 3948 sqq.
