2548 4290
707 195 714 200 ⁵
790 184 993 227 Canones
1022 187 1183 239 capitis
1214 185 1292 226 IV.
1342 185 1597 227 Conclusio.
1856 222 1859 223 γ
2203 184 2299 234 101

238 330 430 398 Itaque
457 328 695 398 supremi
722 328 1007 397 pastoralis
1033 328 1218 380 Nostri
1256 327 1420 380 officii
1448 328 1692 381 debitum
1729 334 2078 397 exequentes,
2119 346 2304 380 omnes

95 413 294 479 Christi
332 412 548 477 fideles,
599 412 834 463 maxime
873 429 1002 463 vero
1044 428 1160 477 eos,
1213 411 1304 480 qui
1358 416 1618 480 praesunt
1655 412 1744 464 vel
1796 411 2026 464 docendi
2078 428 2301 463 munere

92 497 410 564 funguntur,
451 512 549 563 per
587 494 795 546 viscera
833 493 960 545 Iesu
1001 493 1200 546 Christi
1241 493 1589 559 obtestamur,
1629 510 1729 546 nec
1767 512 1877 546 non
1918 494 2158 546 eiusdem
2198 493 2305 546 Dei

90 584 149 632 et
187 578 480 631 Salvatoris
519 577 688 629 nostri
739 577 1061 628 auctoritate
1102 577 1377 643 iubemUS,
1433 583 1492 628 ut
1542 576 1611 629 ad
1649 576 1747 628 hos
1787 593 1994 629 errores
2035 595 2067 629 a
2107 577 2304 629 Sancta

94 661 337 732 Ecclesia
390 660 652 712 arcendos
692 665 749 712 et
785 660 1171 726 eliminandOS,
1227 665 1390 729 atque
1431 660 1749 728 purissimae
1788 659 1916 712 fidei
1954 661 2133 712 lucem
2171 677 2302 729 pan-

89 745 325 799 dendam
364 743 601 795 studium
642 748 696 796 et
736 761 958 811 operam
1000 743 1299 795 conferant.

234 828 500 888 Quoniam
539 844 669 879 vero
708 828 835 879 satis
873 844 981 879 non
1021 832 1117 892 est,
1158 827 1487 879 haereticam
1529 827 1855 896 pravitatem
1896 826 2156 892 devitare,
2198 826 2301 877 nisi

88 913 128 965 ii
153 928 379 983 ,quoque
420 927 629 962 errores
670 910 961 979 diligenter
1001 909 1295 979 fugiantur,
1342 911 1433 979 qui
1475 911 1543 962 ad
1582 910 1732 961 illam
1771 910 1892 979 plus
1932 910 2176 961 minusve
2215 926 2302 960 ac-

87 993 314 1059 cedunt3
374 1011 560 1046 omnes
599 993 765 1045 officii
803 1010 1100 1060 monemus,
1141 993 1393 1045 servandi
1433 994 1595 1045 etiam
1636 993 2061 1045 Constitutiones
2101 997 2154 1045 et
2193 992 2301 1044 De-

86 1082 252 1143 creta,
293 1077 486 1146 quibus
527 1093 730 1144 pravae
771 1076 1038 1128 eiusmodi
1076 1077 1374 1145 opiniones,
1417 1093 1556 1145 quae
1597 1076 1753 1128 isthic
1783 1076 1980 1128 diserte
2021 1093 2128 1128 non
2171 1092 2300 1127 enu-

89 1165 364 1214 merantur
384 1159 419 1225 1,
459 1159 527 1212 ab
566 1160 667 1211 hac
710 1160 910 1212 Sancta
950 1159 1094 1212 Sede
1135 1160 1471 1229 proscriptae
1513 1165 1565 1212 et
1605 1160 1911 1229 prohibitae
1954 1158 2131 1212 sunt2.

84 1338 133 1404 9.
152 1336 301 1384 Iunii
340 1337 464 1382 1862
513 1349 681 1382 coram
731 1334 1084 1396 praesentibus
1132 1349 1195 1380 ex
1245 1337 1352 1381 toto
1403 1333 1510 1380 fere
1557 1335 1679 1381 orbe
1726 1334 1975 1381 catholico
2011 1334 2299 1395 Episcopis:

85 1406 307 1473 Summa
332 1413 596 1473 praeterea
621 1409 936 1471 impudentia
964 1425 1191 1457 asserere
1224 1425 1328 1456 non
1355 1407 1623 1469 dubitant‘,
1662 1410 1732 1457 ait
1768 1410 1982 1457 Sanctus
2014 1411 2221 1470 Pater„

85 1490 264 1552 ipsam
294 1488 514 1535 divinam
539 1485 910 1533 revelationem
928 1502 1037 1533 esse
1062 1484 1431 1547 imperfectam,
1463 1491 1513 1533 et
1537 1486 1724 1533 idcirco
1752 1487 2029 1534 subiectam
2062 1487 2301 1533 continuo

87 1569 139 1613 et
182 1563 442 1611 indefinito
478 1562 794 1624 progressui,
845 1562 931 1623 qui
980 1562 1231 1608 humanae
1276 1562 1489 1608 rationis
1536 1562 1877 1623 progressioni
1927 1559 2295 1623 respondeat.‘“

84 1640 164 1700 (O.
198 1640 260 1688 V.
287 1641 379 1687 538
400 1655 440 1687 c.
467 1638 533 1697 d.)
573 1668 630 1672 —
668 1638 835 1685 Antea
870 1641 1200 1685 notaverant:
1244 1637 1495 1699 „Possunt
1531 1639 1708 1699 utique
1745 1643 1794 1685 et
1831 1638 1993 1685 solent
2029 1638 2298 1699 aliquando

86 1717 404 1766 necessariae
438 1715 548 1763 fieri
584 1714 904 1762 definitiones
942 1716 1033 1762 sub
1070 1730 1202 1761 nova
1238 1715 1401 1761 forma
1436 1715 1487 1761 in
1533 1715 1725 1762 directa
1772 1715 2089 1776 oppositione
2126 1719 2303 1762 contra

84 1808 242 1841 novos
289 1807 517 1851 errores,
569 1792 748 1852 hisque
798 1791 919 1852 ipsis
957 1791 1331 1838 definitionibus
1389 1795 1715 1851 promovetur
1766 1791 1917 1838 etiam
1967 1791 2300 1851 intelligentia

87 1869 394 1930 dogmatum,
434 1883 563 1930 quae
600 1868 709 1928 ipsa
748 1866 1037 1927 dogmatum
1075 1866 1344 1928 explicatio
1380 1867 1600 1928 pertinet
1625 1867 1688 1913 ad
1724 1867 1863 1913 illum
1889 1867 2165 1928 genuinum
2192 1882 2302 1927 pro-

80 1944 271 1993 fectum
289 1961 318 1992 a
335 1944 572 1992 Patribus
599 1943 920 2005 descriptum.
970 1942 1145 1989 Potest
1171 1943 1323 1990 etiam
1350 1943 1560 1990 scientia
1585 1947 1635 1990 et
1652 1943 1989 2003 intelligentia
2013 1943 2300 2004 theologica

83 2022 260 2069 innixa
308 2021 570 2069 doctrinae
605 2019 865 2067 Ecclesiae
913 2034 941 2065 a
976 2019 1187 2079 privatis
1225 2019 1473 2080 theologis
1525 2033 1615 2065 suo
1651 2020 1799 2066 modo
1836 2020 2135 2080 promoveri.
2205 2019 2301 2066 Sed

84 2112 346 2159 nunquam
381 2099 551 2158 potest
585 2110 686 2142 non
723 2110 833 2142 esse
870 2094 1162 2156 simpliciter
1197 2110 1347 2141 verus
1382 2095 1671 2142 intellectus
1697 2099 1746 2142 et
1783 2110 1958 2142 sensus
1996 2096 2302 2156 dogmatum,

84 2189 232 2235 quem
259 2173 486 2220 Ecclesia
523 2172 698 2234 quavis
735 2174 904 2218 aetate
942 2171 1046 2217 sive
1084 2170 1365 2218 definiendo
1404 2172 1508 2218 sive
1543 2172 1882 2232 praedicando
1919 2173 2183 2233 proposuit
2218 2172 2297 2219 vel

82 2250 344 2311 proponit:
394 2252 444 2295 et
490 2248 602 2295 ideo
642 2247 809 2309 quoad
859 2247 1035 2294 eadem
1084 2247 1320 2307 dogmata
1366 2247 1655 2293 intellectus
1705 2251 1754 2293 et
1803 2262 1980 2294 sensus
2018 2248 2233 2294 diversus
2268 2264 2297 2295 a

79 2340 232 2373 sensu
270 2328 320 2372 et
354 2323 618 2372 intellectu
654 2322 936 2382 Ecclesiae,
985 2322 1057 2369 ita
1093 2326 1149 2368 ut
1194 2322 1273 2369 hic
1310 2323 1406 2368 iam
1444 2323 1735 2383 simpliciter
1783 2326 1831 2370 et
1879 2322 2110 2370 absolute
2146 2338 2296 2370 verus

79 2415 193 2448 esse
227 2404 456 2461 negetur,
497 2414 756 2460 nunquam
793 2402 963 2458 potest
998 2413 1107 2446 esse
1143 2398 1240 2445 nisi
1276 2399 1535 2460 corruptio
1574 2413 1752 2445 sensus
1789 2399 1910 2446 veri.
1979 2399 2087 2445 Hoc
2126 2403 2294 2446 autem

80 2475 246 2536 ipsum
284 2479 375 2535 est,
414 2475 548 2536 quod
583 2475 634 2520 in
672 2474 929 2521 schemate
966 2472 1300 2521 declaratur.“

229 2551 244 2577 ¹
280 2550 533 2612 Imprimis
568 2550 924 2610 intelliguntur
960 2565 1049 2597 eae
1084 2565 1270 2610 pravae
1307 2549 1583 2610 opiniones,
1622 2565 1752 2610 quae
1789 2549 2045 2596 erroribus
2082 2550 2131 2595 in
2168 2549 2298 2598 Con—

32 2621 35 2624 *
77 2627 345 2675 stitutione
397 2626 645 2673 damnatis
690 2625 866 2672 affines
917 2629 1062 2684 sunt,
1116 2641 1208 2672 nec
1260 2630 1428 2672 tamen
1478 2626 1606 2672 bene
1657 2641 1686 2671 a
1722 2625 1945 2673 Concilio
1998 2626 2103 2673 sine
2154 2628 2296 2673 novis

76 2702 533 2764 disceptationibus
570 2701 779 2748 tractari
815 2704 1068 2762 poterant.
1137 2701 1421 2749 Videbatur
1456 2717 1501 2747 v.
1538 2716 1585 2762 g.
1623 2701 2075 2748 traditionalismus
2112 2702 2295 2763 mitior,

75 2779 168 2840 qui
202 2793 303 2825 non
340 2778 529 2825 directe
565 2777 900 2824 damnabatur
936 2776 1020 2835 (cf.
1058 2793 1210 2838 supra
1247 2793 1353 2838 cap.
1384 2777 1453 2824 Π.
1490 2781 1757 2824 comment.
1794 2777 1862 2824 II.
1900 2793 1946 2837 p.
1984 2780 2043 2823 3ss
2083 2778 2194 2839 sq.)‚
2233 2781 2295 2827 ab

77 2853 305 2902 Ecclesia
329 2853 579 2900 arcendus
605 2868 730 2900 esse.
779 2853 886 2900 Iam
912 2852 963 2899 id
987 2854 1283 2913 praesertim
1311 2854 1404 2900 hoc
1430 2855 1636 2912 monito,
1666 2854 1798 2914 quod
1825 2852 2186 2901 Constitutioni
2212 2855 2296 2901 ad-

75 2929 309 2990 debatur,
335 2929 567 2988 obtineri,
594 2928 952 2975 animadvertit
976 2929 1141 2989 Episc.
1167 2928 1482 2975 Brixinensis
1507 2929 1557 2975 in
1582 2929 1830 2976 relatione
1856 2930 1917 2976 de
1944 2931 2108 2989 capite
2133 2930 2293 2977 altero

78 3005 265 3055 habita.
334 3006 431 3065 (Cf.
479 3005 533 3053 C.
570 3005 632 3051 V.
674 3006 761 3051 131
782 3004 849 3063 b.)
918 3005 1103 3064 Porr0,
1153 3009 1209 3052 ut
1246 3005 1410 3067 Episc.
1461 3006 1794 3052 Pictaviensis
1842 3006 1893 3052 in
1940 3006 2187 3054 relatione
2235 3007 2295 3054 de

75 3082 400 3129 conclusione
438 3079 512 3140 (C.
548 3081 609 3128 V.
647 3082 786 3127 211a
822 3079 952 3142 sqq.)
989 3085 1184 3141 monet,
1221 3082 1353 3128 inter
1391 3082 1782 3142 disceptationes
1821 3081 1881 3128 de
1918 3081 2295 3131 Constitutione

76 3156 276 3205 habitas
311 3157 456 3217 aliae,
495 3172 624 3218 quae
660 3172 761 3203 non
797 3161 1032 3218 receptae
1068 3160 1228 3216 erant,
1267 3157 1529 3217 opiniones
1562 3157 1801 3204 Patribus
1839 3173 1948 3204 sese
1984 3159 2294 3219 obtulerunt,

12 3294 16 3297 ᾖ
74 3234 140 3281 ab
177 3233 440 3294 Episcopis
477 3237 527 3279 et
564 3232 611 3279 S.
637 3232 764 3279 Sede
802 3232 1085 3291 damnatae,
1127 3248 1257 3294 quae
1294 3248 1323 3279 a
1349 3231 1573 3279 Concilio
1610 3234 1758 3294 plane
1795 3234 2151 3295 exstirpandae
2188 3250 2297 3283 esse

76 3309 404 3369 videbantur,
452 3324 515 3356 ne
552 3308 931 3357 controversiae
981 3309 1356 3356 reviviscerent.
1427 3309 1520 3357 Cui
1555 3310 1779 3371 periculo
1830 3314 1887 3357 ut
1923 3315 2292 3372 occurreretur,

79 3385 434 3444 „oecumenica
469 3384 724 3447 Synodus,
767 3385 910 3445 gravi
948 3383 1081 3443 (hac)
1130 3385 1407 3432 monitione
1455 3385 1705 3447 capitibus
1757 3389 1807 3433 et
1843 3387 2121 3434 canonibus
2159 3391 2294 3448 post-

75 3460 251 3520 missa,
298 3460 547 3508 neminem
584 3461 819 3522 ignorare
856 3475 1003 3521 posse
1041 3460 1293 3520 declarat,
1342 3476 1403 3508 ea
1438 3461 1630 3522 omnia,
1669 3477 1799 3522 quae
1836 3463 1969 3509 circa
2004 3462 2295 3510 huiusmodi

74 3536 448 3583 controversias
495 3536 802 3583 doctrinales
854 3539 903 3583 et
949 3543 1131 3597 pravas
1179 3537 1438 3597 opiniones
1484 3553 1514 3584 a
1562 3537 1747 3584 Sancta
1784 3537 1911 3585 Sede
1954 3538 2164 3586 fuerunt
2212 3539 2294 3586 de-

73 3614 216 3659 creta
252 3615 302 3658 et
337 3612 547 3670 sancita,
586 3611 800 3659 sollicite
838 3616 887 3659 et
912 3611 1148 3672 religiose
1175 3613 1423 3659 servanda
1449 3610 1608 3661 esse“.
1657 3612 1806 3671 (Ibid.
1834 3612 1908 3659 Cf.
1938 3629 2089 3674 supra
2117 3629 2224 3675 cap.
2252 3615 2292 3662 Ι.

76 3685 302 3734 Historia
338 3687 546 3748 originis
583 3691 677 3734 etc.
714 3703 763 3747 p.
798 3689 856 3733 27
893 3686 986 3748 sq.)

218 3761 234 3789 ²
269 3763 361 3810 Est
395 3767 594 3810 tantum
628 3764 901 3822 monitum,
949 3763 1302 3823 gravissimum
1353 3764 1478 3811 illud
1516 3765 1742 3826 quidem,
1794 3779 1892 3825 quo
1929 3779 2101 3812 omnes
2139 3766 2290 3812 etiam

73 3850 137 3883 ea
182 3837 386 3885 decreta
429 3853 632 3885 servare
679 3838 945 3897 iubentur,
995 3839 1176 3899 quibus
1225 3840 1487 3900 opiniones
1534 3855 1749 3887 censura
1796 3844 2041 3888 notantur
2091 3841 2291 3888 haeresi

73 3910 330 3973 inferiori3
370 3928 453 3961 eas
491 3913 792 3973 prohibendi
827 3917 1134 3974 potestatem
1171 3929 1278 3961 esse
1314 3930 1467 3976 penes
1505 3914 1551 3963 S.
1590 3914 1796 3975 Sedem,
1834 3916 2150 3977 supponitur,
2188 3932 2289 3964 non
