2548 4290
247 172 490 215 Comment.
522 173 580 212 ΙΙ.
635 174 704 213 De
734 174 857 213 Petri
887 173 1089 214 Primatu
1121 177 1256 225 atque
1286 172 1343 213 ad
1375 177 1545 213 cet-eros
1578 172 1829 226 Apostolos
1859 176 2044 213 ratione.
2158 172 2254 223 137

41 323 207 372 actus.
284 316 462 377 Quare
502 316 747 369 Ecclesia
796 316 898 367 ista
949 316 1198 367 coelestis
1250 320 1460 367 constat
1514 333 1584 367 ex
1623 315 1854 385 Angelis
1896 322 1950 368 et
1988 315 2256 383 fidelibus,

38 408 103 462 ,ut
155 400 343 466 (verba
400 404 524 451 sunt
564 399 615 451 S.
657 398 976 467 Augustini)
1027 399 1121 450 fiat
1170 416 1278 450 una
1326 399 1497 450 virtus
1551 399 1648 451 sub
1700 417 1806 452 uno
1857 417 2004 468 rege.
2081 399 2259 469 Igitur

45 483 251 549 videtis,
292 482 436 552 quod
476 482 596 534 heic
624 481 1040 534 fundamentum
1067 482 1455 551 Apostolorum
1488 482 1756 551 significat
1795 483 2257 552 praedicationem

45 572 99 621 et
133 566 311 618 fidem.
363 566 435 617 Et
472 571 615 617 certe
654 565 698 616 si
739 565 1027 618 duodecim
1067 571 1192 617 sunt
1231 565 1603 632 fundamenta,
1645 570 1698 617 et
1738 566 1934 618 Petrus
1974 571 2055 619 est
2094 567 2257 618 etiam

42 649 470 712 fundamentum,
513 649 696 718 ecquis
737 653 818 701 est
856 649 1096 701 ianitor?
1139 653 1194 701 et
1233 649 1276 700 si
1316 653 1442 700 sunt
1484 647 1770 700 duodecim
1809 654 1998 718 portae
2042 654 2096 701 et
2134 654 2259 701 sunt

39 732 325 786 duodecim
375 732 605 800 Angeli,
658 749 788 801 ergo
829 732 1027 784 Petrus
1067 733 1245 784 amisit
1298 732 1475 784 claves
1525 734 1581 783 in
1634 731 1733 783 hac
1786 732 2003 785 civitate
2043 733 2259 784 Ierusa-

37 812 169 883 lem,
222 815 289 867 de
329 833 436 884 qua
483 815 723 884 loquitur
762 815 1014 867 Ioannes.
1090 815 1359 867 Absolute
1411 815 1506 867 illa
1555 815 1931 884 interpretatio
1981 833 2110 867 vera
2161 821 2258 882 est,

39 916 175 970 quae
217 898 517 963 concludit,
571 899 875 964 civitatem,
933 898 999 951 de
1052 916 1158 968 qua
1207 899 1444 967 loquitur
1484 898 1742 966 Ioannes,
1799 916 1914 951 esse
1956 899 2257 951 Ecclesiam

35 981 459 1050 triumphantem
509 982 564 1032 in
613 982 795 1034 coelis.
871 981 989 1033 Iam
1039 999 1201 1048 ver0,
1256 981 1379 1034 Rffii
1417 980 1638 1045 Patres,
1691 982 1957 1051 numquid
2007 982 2259 1051 Apostoli

36 1063 239 1118 habent
288 1064 712 1117 iurisdictionem
762 1066 816 1117 in
859 1065 1055 1131 coelis,
1107 1065 1201 1117 ubi
1252 1066 1367 1136 ipse
1410 1064 1656 1117 Christus
1709 1065 1939 1118 subiecit
1991 1083 2047 1117 se
2088 1065 2256 1131 Patri,

36 1154 95 1202 ut
132 1148 200 1200 sit
236 1148 502 1200 Dominus
541 1167 679 1200 unus
719 1149 774 1200 in
815 1148 1102 1201 omnibus?
1162 1149 1364 1217 Igitur,
1417 1149 1540 1201 Rffii
1580 1150 1800 1216 Patres,
1853 1150 2257 1217 concludamUS,

38 1230 181 1302 quod
232 1231 283 1280 τὸ
325 1231 729 1299 fundamentum
772 1232 892 1284 heic
932 1233 1151 1301 respicit
1189 1237 1400 1284 tantum
1451 1232 1615 1284 fidem
1657 1237 1711 1284 et
1764 1233 2254 1302 praedicationem3

38 1320 92 1368 et
129 1315 355 1384 proinde
396 1316 507 1367 sive
549 1315 649 1367 hoc
678 1316 787 1367 sive
829 1315 935 1367 alio
977 1316 1284 1368 testimonio
1326 1316 1461 1367 nihil
1501 1321 1677 1385 potest
1705 1316 1941 1384 probari,
1982 1317 2083 1368 nisi
2114 1315 2258 1385 quod

38 1396 170 1450 fides
207 1398 275 1449 ad
316 1416 411 1450 nos
451 1399 601 1450 venit
650 1416 747 1468 per
796 1398 1038 1451 medium
1078 1398 1498 1469 Apostolorum:
1551 1399 1696 1451 unde
1738 1399 1880 1468 quod
1935 1400 2136 1451 dictum
2178 1405 2259 1451 est

37 1480 201 1533 Petro
241 1482 356 1533 sine
395 1482 528 1548 illis,
581 1482 784 1533 dictum
825 1488 905 1534 est
944 1482 1049 1533 illis
1090 1500 1210 1534 cum
1252 1482 1444 1548 PetrO,
1494 1488 1554 1534 ut
1594 1483 1799 1534 scilicet
1841 1500 2026 1534 omnes
2067 1483 2256 1549 sciant,

38 1563 338 1617 Ecclesiam
380 1582 496 1617 esse
537 1566 905 1635 apostolicam.

186 1651 288 1717 „Et
329 1652 462 1704 haec
511 1658 592 1704 est
639 1653 829 1703 ultima
869 1652 1175 1704 observatio
1226 1651 1296 1703 ad
1346 1654 1517 1702 rffium
1559 1652 1994 1719 emendatorem,
2051 1654 2141 1722 qui
2182 1653 2259 1703 di-

39 1734 136 1786 cit:
186 1734 408 1801 videtis,
460 1737 729 1805 quomodo
770 1736 1018 1788 Ecclesia
1068 1736 1136 1787 sit
1176 1736 1500 1805 apostolica3
1555 1737 1680 1805 quia
1721 1737 1934 1788 nonnisi
1973 1754 2070 1806 per
2109 1737 2258 1805 Apo-

38 1818 201 1871 stolos
228 1823 553 1887 potestatem
583 1819 815 1871 clavium
845 1825 1068 1871 exercet
1089 1819 1310 1884 Petrus3
1355 1823 1408 1871 et
1437 1820 1702 1871 institutio
1732 1819 2103 1889 ApostolatuS,
2133 1838 2260 1890 qua-

33 1905 192 1956 tenus
232 1907 314 1954 est
353 1903 674 1969 ordinariuS,
716 1921 826 1955 non
867 1902 1140 1972 dependet
1180 1921 1210 1952 a
1251 1903 1530 1954 voluntate
1571 1903 1723 1955 Petri
1764 1921 1864 1955 nec
1906 1923 1936 1955 a
1977 1904 2258 1956 voluntate

39 1984 239 2054 Papae,
285 1986 379 2038 sed
421 1992 501 2038 est
541 1986 757 2039 divinae
799 1986 1169 2038 institutionis.
1223 1985 1358 2037 Cum
1399 1986 1565 2054 igitur
1608 1991 1876 2039 transacta
1903 1986 2068 2039 fuerit
2095 1988 2257 2039 etiam

38 2068 172 2121 haec
212 2071 373 2121 tertia
412 2070 587 2122 forma
626 2071 841 2122 externi
880 2070 1160 2139 regiminis
1199 2069 1507 2135 Ecclesiae,
1546 2074 1676 2121 tunc
1720 2069 1936 2122 demum
1976 2087 2046 2122 ex
2087 2070 2259 2122 tribus

37 2153 313 2206 Ecclesiae
353 2155 632 2206 militantis
670 2154 856 2207 formis
896 2159 1084 2223 surget
1121 2171 1230 2205 una
1256 2153 1518 2220 Ecclesia,
1561 2170 1699 2222 quae
1739 2172 1858 2205 cum
1887 2154 2116 2222 Angelis
2157 2155 2259 2206 erit

35 2235 282 2289 Ecclesia
331 2238 668 2306 triumphans
717 2238 773 2288 in
825 2238 1015 2303 coeliS,
1066 2237 1158 2289 ubi
1210 2255 1317 2289 non
1357 2236 1510 2289 adest
1551 2238 1842 2306 templum,
1892 2237 1985 2289 11111
2036 2238 2259 2290 lucerna

40 2319 154 2371 eius
194 2324 275 2372 est
326 2320 701 2373 tantummodo
742 2323 963 2389 Agnus,
1012 2320 1105 2372 ubi
1147 2326 1201 2372 et
1239 2320 1550 2388 Prophetae
1591 2326 1646 2372 et
1685 2320 1937 2389 Apostoli
1994 2326 2048 2372 et
2083 2321 2259 2372 Patri-

39 2403 234 2454 archae
284 2402 508 2455 laudant
557 2404 869 2456 Dominum.
948 2404 1348 2456 Concludamus
1390 2422 1546 2472 ergo,
1600 2404 1743 2473 quod
1794 2405 1945 2456 nulla
1995 2405 2132 2456 ratio
2173 2406 2257 2471 sit,

39 2503 203 2555 quare
243 2489 412 2557 possit
461 2489 685 2541 retineri
726 2489 990 2540 eiusmodi
1031 2488 1356 2540 emendatio.
1436 2488 1715 2557 Siquidem
1775 2489 1909 2541 haec
1949 2489 2259 2541 testimonia

39 2570 287 2638 opposita
338 2588 446 2622 non
495 2577 620 2623 sunt
668 2572 1018 2624 limitationes
1058 2572 1348 2624 verborum
1393 2571 1619 2637 Christi,
1679 2589 1816 2641 quae
1858 2573 2064 2624 scilicet
2105 2571 2258 2624 Chri-

38 2657 150 2704 stus
189 2652 329 2704 dixit
368 2652 616 2706 absolute
657 2655 724 2707 ad
765 2656 1041 2707 Petrum.“

181 2739 312 2791 Post
348 2741 553 2792 finitam
593 2746 762 2793 totam
801 2742 1120 2793 relationem
1162 2741 1422 2810 suffragia
1461 2742 1571 2792 lata
1598 2748 1736 2807 sunt,
1777 2747 1938 2810 atque
1979 2742 2257 2811 proposita

39 2823 374 2890 emendatio,
427 2841 588 2893 quam
628 2828 769 2876 rffius
809 2825 1008 2876 relator
1048 2825 1216 2895 recipi
1256 2843 1413 2894 posse
1455 2825 1701 2893 negavit,
1744 2824 1858 2876 fere
1899 2825 1965 2876 ab
2009 2826 2256 2878 omnibus

39 2906 239 2958 reiecta
277 2911 358 2959 est
379 2906 413 2958 ¹.

795 3056 1346 3109 COMMENTATIO
1388 3056 1493 3110 III.

38 3163 144 3209 Num
175 3166 219 3210 vi
251 3166 580 3216 constitutionis
612 3171 771 3229 primae
805 3171 853 3215 do
888 3170 1083 3215 Ecclesia
1115 3170 1342 3215 tenendum
1375 3171 1454 3225 sit,
1500 3171 1735 3217 Primatum
1778 3172 1821 3216 in
1853 3172 1989 3217 totam
2021 3173 2258 3218 Ecclesiam

323 3256 414 3287 oum
446 3243 543 3288 sede
574 3243 762 3289 Romana
793 3243 883 3288 iure
917 3244 1057 3288 divino
1090 3244 1218 3301 atque
1251 3244 1579 3289 immutabiliter
1611 3259 1841 3290 connexum
1873 3260 1977 3291 esse.

184 3359 376 3427 Capite
416 3360 590 3428 primo
631 3365 685 3410 et
739 3360 910 3412 altero
954 3360 1366 3412 Constitutionis
1418 3361 1623 3429 primae
1679 3360 1744 3413 de
1785 3361 2029 3413 Ecclesia
2070 3361 2256 3413 defini-

33 3430 154 3508 tur,
208 3443 385 3512 ipsum
427 3441 702 3494 Christum
742 3443 797 3494 in
837 3442 1004 3494 Petro
1045 3443 1345 3495 Primatum
1390 3444 1686 3495 instituisse
1729 3449 1891 3513 atque
1942 3445 1995 3496 id
2038 3444 2255 3513 quidem

38 3524 141 3591 ita,
200 3530 260 3576 ut
312 3530 577 3593 perpetuo
629 3531 890 3578 maneret.
971 3525 1213 3578 Docetur
1264 3532 1445 3579 autem
1498 3532 1784 3596 praeterea
1841 3528 1896 3578 in
1946 3528 2124 3597 capite
2175 3546 2255 3579 se-

40 3606 243 3674 cundo,
296 3624 448 3673 eum,
497 3609 587 3676 qui
629 3608 884 3661 succedat
924 3609 1089 3660 Petro
1130 3609 1184 3660 in
1225 3609 1352 3661 sede
1393 3609 1669 3676 Romana,
1721 3610 2018 3662 secundum
2059 3610 2257 3663 Christi

38 3689 203 3758 ipsius
242 3691 634 3743 institutionem
675 3692 826 3743 Petri
867 3692 921 3742 in
962 3691 1207 3743 Primatu
1248 3710 1364 3744 esse
1405 3710 1784 3746 successorem.
1838 3694 2030 3763 Itaque
2070 3694 2257 3747 viden-

190 3894 198 3919 ¹
238 3893 436 3942 Relatio
475 3898 570 3942 etc.
640 3895 694 3943 C.
731 3895 792 3942 V.
830 3895 985 3942 330b.
