2548 4290
836 152 950 193 Eius
982 165 1079 206 cap.
1110 153 1190 193 111.
1244 154 1314 193 De
1343 152 1442 194 fide.
2181 151 2249 202 85

36 295 251 349 veritati
275 295 338 361 a),
403 293 583 354 Quare
621 292 756 345 fides
793 293 913 362 ipsa
950 294 1006 344 in
1046 310 1120 360 se,
1160 293 1373 345 etiamsi
1412 309 1512 363 per
1551 292 1869 345 charitatem
1908 309 2018 344 non
2058 308 2248 361 opere-

36 383 138 444 tur,
178 377 379 429 donum
410 377 516 429 Dei
556 381 652 444 est,
693 381 747 429 et
785 382 936 428 actus
976 377 1091 429 eius
1131 382 1213 428 est
1252 394 1386 446 opus
1424 376 1495 428 ad
1533 377 1764 429 salutem
1803 377 2101 445 pertinenS,
2143 392 2249 445 quo

35 462 194 515 homo
244 460 474 514 liberam
523 464 766 530 praestat
817 460 921 527 ipsi
959 459 1079 512 Deo
1132 460 1526 525 obedientiam,
1577 461 1787 528 gratiae
1839 460 1980 525 eiUS,
2035 459 2121 511 cui
2169 475 2252 510 re-

33 545 220 598 sistere
259 549 457 613 posset,
498 544 885 596 consentiendo
928 549 982 596 et
1021 543 1365 614 cooperando
1388 543 1420 594 1.

176 717 225 776 a)
262 719 378 780 Syn.
414 719 597 765 Araus.
634 718 704 766 II.
741 734 851 767 can.
885 720 928 766 7.
1000 717 1174 777 [Hard.
1214 718 1340 766 Ooll.
1379 717 1531 765 Cone.
1569 718 1639 777 II,
1680 716 1839 776 1099]

179 848 194 875 ¹
229 847 589 909 Paragraphus
626 851 804 895 contra
839 847 1200 895 Hermesianos
1247 851 1453 909 recepta
1499 853 1591 895 est.
1662 847 1882 906 (Relatio
1932 851 2027 894 etc.
2098 846 2152 895 O.
2188 846 2251 893 V.

35 927 151 973 870.
201 923 373 983 166ᾶ.)
453 924 611 971 Ε1·1·01·
658 939 833 971 eorum
879 928 1117 972 accurate
1165 925 1427 985 expositus
1475 928 1552 971 est
1598 924 1648 970 in
1696 924 2051 984 theologorum
2098 924 2255 970 adno-

33 1000 310 1049 tationibus
336 1000 400 1046 ad
426 1014 533 1061 cap.
561 1003 794 1047 octavum
822 999 1092 1047 schematis
1122 999 1182 1047 de
1209 1000 1439 1046 doctrina
1464 999 1715 1047 catholica
1749 998 1824 1057 (O.
1850 999 1907 1046 L.
1933 1000 2027 1045 529
2044 1014 2068 1045 0
2096 996 2252 1060 sqq.):

37 1076 126 1138 „In
171 1075 401 1123 doctrina
444 1075 779 1123 Hermesiana
827 1075 1156 1136 distinguitur
1202 1075 1444 1136 imprimis
1493 1075 1631 1135 ,fides
1679 1072 1999 1135 cognitionis‘
2046 1072 2124 1132 (ut
2158 1073 2255 1135 ipsi

34 1149 338 1214 appellant),
388 1151 436 1197 h.
485 1166 526 1197 e.
576 1150 729 1208 fides,
780 1166 881 1213 qua
915 1165 1151 1197 assensus
1188 1154 1477 1210 praestatur
1512 1151 1745 1207 veritati,
1799 1154 1850 1197 et
1887 1149 2067 1196 deinde
2113 1148 2253 1209 ,fides

34 1223 233 1286 cordis‘,
290 1225 338 1272 h.
390 1241 431 1273 e.
490 1225 644 1286 fides,
703 1241 833 1287 quae
883 1241 973 1287 per
1032 1226 1331 1273 charitatem
1383 1230 1639 1287 operatur.
1719 1226 1817 1272 Illa
1872 1226 2011 1287 prior
2069 1225 2255 1272 dicitur

34 1303 183 1351 etiam
229 1301 352 1349 fides
399 1299 647 1363 ,passiva‘‚
696 1305 746 1349 et
782 1302 1031 1361 ,consistit
1076 1302 1128 1348 in
1163 1317 1388 1349 consensu
1423 1303 1688 1349 necessario
1701 1337 1714 1361 ,
1765 1302 1848 1362 qui
1880 1301 2130 1348 inducitur
2163 1315 2255 1361 per

33 1382 333 1441 argumenta
378 1393 470 1440 pro
511 1379 814 1425 veritatibus
861 1378 1118 1438 religionis
1166 1378 1498 1437 christianae,
1553 1382 1602 1425 et
1649 1378 1699 1424 in
1734 1379 2004 1424 necessaria
2042 1375 2252 1435 (coacta)

25 1455 342 1517 persuasione
377 1454 438 1501 de
472 1454 691 1501 veritate
740 1451 1118 1501 demonstrata‘.
1188 1454 1338 1500 Fides
1374 1458 1544 1500 autem
1593 1450 1792 1513 ‚cordis‘
1830 1457 1907 1500 est
1942 1453 2133 1499 liberae
2169 1466 2256 1499 vo-

33 1531 268 1579 luntatis:
317 1530 623 1590 ‚continetur
660 1531 791 1577 enim
827 1531 879 1576 in
916 1546 975 1577 ea
1009 1530 1170 1577 libera
1206 1534 1256 1577 et
1292 1530 1528 1577 absoluta
1574 1529 1820 1578 subiectio
1859 1531 1951 1578 sub
1990 1529 2075 1587 iis,
2126 1543 2255 1589 quae

33 1607 258 1655 revelata
294 1610 437 1666 sunt,
490 1606 681 1653 scilicet
718 1606 1006 1654 omnimoda
1048 1606 1325 1667 resignatio
1373 1607 1423 1652 in
1459 1606 1623 1652 Deum
1670 1622 1728 1652 ac
1765 1620 1846 1652 res
1884 1605 2094 1652 divinas.
2164 1603 2257 1651 Est

33 1697 210 1743 nempe
245 1683 368 1729 haec
404 1682 525 1728 fides
563 1682 758 1729 avulsio
796 1683 858 1729 ab
909 1682 1139 1729 omnibus
1187 1683 1339 1728 rebus
1387 1682 1629 1741 terrenis,
1678 1686 1728 1728 et
1775 1682 1887 1728 ideo
1934 1697 2043 1728 eam
2092 1680 2257 1741 sequi-

34 1762 117 1807 tur
151 1759 312 1806 libera
360 1758 583 1819 perfecta
623 1756 962 1817 [de]liberatio
1013 1774 1070 1805 ac
1117 1758 1351 1804 voluntas
1399 1758 1600 1805 amandi
1647 1762 1697 1804 et
1750 1757 2025 1819 quaerendi
2059 1755 2257 1804 Deum‘.

35 1833 116 1893 (G.
150 1834 388 1894 Hermes,
437 1834 717 1895 Dogmatic.
758 1833 812 1881 P.
850 1834 947 1881 III.
996 1833 1021 1892 ἓ
1058 1836 1151 1880 282
1189 1832 1317 1895 sqq.)
1388 1834 1642 1881 Assensus
1688 1834 1845 1895 igitur
1891 1833 2006 1880 fidei
2041 1848 2143 1879 non
2180 1836 2257 1879 est

34 1909 223 1959 liberae
258 1911 562 1969 voluntatis,
602 1910 688 1957 sed
726 1915 801 1957 est
836 1911 1096 1971 persuasio
1133 1911 1421 1957 necessaria
1456 1911 1664 1958 inducta
1698 1910 1981 1957 rationibus
2018 1908 2258 1970 ,cogenti-

34 1985 163 2046 bus‘,
209 2002 339 2048 quae
385 1987 662 2034 necessitas
698 2002 936 2034 assensus
974 1988 1014 2033 si
1052 1986 1210 2046 desit,
1263 1990 1448 2048 putant
1483 2001 1583 2033 non
1630 1987 1768 2033 aliud
1803 2001 2067 2033 remanere
2105 2000 2254 2047 quam

34 2078 216 2110 vanam
253 2062 604 2109 credulitatem
626 2099 638 2120 ,
678 2062 893 2121 ,etiamsi
928 2062 1062 2109 forte
1097 2077 1188 2123 per
1224 2062 1458 2109 accidens
1492 2078 1668 2109 verum
1708 2062 1788 2121 sit,
1826 2061 1961 2124 quod
1998 2057 2256 2108 creditur‘.

34 2138 213 2198 (Idem,
252 2137 446 2185 Introd.
483 2137 661 2199 philos.
698 2138 760 2184 ad
796 2138 949 2185 theol.
983 2154 1030 2199 p.
1067 2137 1199 2195 259.)

168 2215 327 2275 „Hinc
365 2214 708 2276 consequitur,
746 2215 809 2261 ad
844 2229 1105 2261 assensum
1142 2214 1257 2261 fidei
1292 2214 1433 2261 nullo
1465 2214 1613 2261 modo
1649 2215 1987 2262 necessariam
2013 2230 2121 2261 esse
2145 2229 2259 2275 gra-

37 2290 174 2338 tiam.
244 2289 504 2352 Namque,
554 2290 714 2349 aiunt,
752 2289 891 2349 ,fides
926 2289 1014 2336 illa
1049 2290 1249 2350 passiva
1287 2290 1449 2336 oritur
1484 2291 1769 2337 necessario
1808 2290 2082 2337 secundum
2120 2305 2258 2337 mere

37 2365 319 2414 naturalem
357 2366 771 2413 constitutionem
818 2366 1023 2412 humani
1068 2366 1358 2413 intellectus
1395 2370 1444 2413 et
1480 2367 1733 2413 humanae
1769 2367 2009 2426 rationis,
2061 2372 2102 2412 et
2152 2367 2256 2414 ideo

35 2443 103 2489 acl
138 2442 261 2489 hanc
283 2442 436 2502 fidem
474 2443 754 2488 eliciendam
788 2458 934 2503 neque
963 2448 1117 2503 potest
1161 2458 1253 2489 esse
1287 2458 1439 2489 sermo
1476 2444 1534 2489 de
1578 2445 1850 2490 necessitate
1897 2444 2088 2504 gratiae
2124 2448 2256 2489 actu-

39 2516 163 2566 alis‘.
232 2517 378 2565 Unde
424 2517 640 2564 ulterius
686 2517 810 2564 fides
857 2534 915 2564 ne
960 2519 1163 2565 mediate
1209 2519 1397 2579 quidem
1431 2519 1667 2565 salutaris
1713 2525 1802 2575 est;
1854 2523 2079 2565 attamen
2116 2534 2258 2579 prae-

38 2597 185 2655 parat
229 2593 481 2640 hominem
529 2594 594 2640 ad
638 2593 785 2640 fidem
832 2598 1155 2654 operantem,
1209 2609 1339 2655 quae
1391 2595 1515 2652 ,sola
1563 2598 1641 2642 est
1680 2599 1826 2641 actus
1868 2595 2086 2641 mediate
2126 2595 2258 2641 salu-

40 2667 198 2729 taris‘,
235 2669 365 2715 sicut
412 2684 542 2731 ,spes
579 2684 793 2730 operans
841 2673 891 2717 et
937 2670 1158 2717 charitas
1206 2685 1421 2731 operans
1470 2676 1588 2718 sunt
1633 2671 1924 2717 immediate
1972 2669 2257 2718 salutares‘.

40 2744 219 2804 (Idem,
254 2744 539 2805 Dogmatic.
575 2744 629 2790 P.
654 2745 752 2792 III.
789 2745 814 2803 ξ
851 2744 980 2803 285.)
1028 2745 1176 2792 Unde
1213 2746 1362 2792 etiam
1399 2747 1737 2805 pervertendo
1775 2762 1977 2793 sensum
2015 2745 2260 2794 definitio-

39 2835 177 2879 num,
216 2820 400 2882 quibus
437 2835 466 2866 a
502 2819 741 2867 Conciliis
780 2818 868 2880 [et]
908 2837 936 2867 a
971 2821 1068 2868 ΡΡ.
1106 2821 1395 2868 declaratur
1430 2823 1596 2882 gratia
1630 2823 1919 2869 necessaria
1954 2822 2017 2868 ad
2055 2822 2259 2869 creden-

39 2895 176 2955 dum,
215 2896 345 2943 sicut
370 2899 588 2956 oportet,
629 2896 787 2955 aiunt,
825 2897 916 2943 has
950 2897 1266 2944 definitiones
1305 2897 1619 2944 solummodo
1648 2898 1708 2945 de
1733 2898 2039 2945 necessitate
2062 2898 2258 2959 gratiae

38 2972 105 3019 ad
138 2972 286 3019 fidem
322 2972 422 3019 iam
458 2973 647 3032 vivam,
697 2988 827 3033 quae
862 2988 953 3033 per
989 2974 1287 3020 charitatem
1326 2977 1591 3034 operatur,
1640 2974 1855 3034 intelligi
1893 2981 2156 3036 oportere,
2208 2978 2257 3022 et

38 3047 134 3095 hoc
169 3048 278 3109 ipso
316 3048 617 3109 significari,
667 3049 729 3095 ad
765 3048 912 3096 fidem
950 3049 1285 3110 cognitioniS‚
1338 3065 1466 3109 quae
1501 3050 1725 3096 nondum
1761 3051 1877 3097 viva
1913 3051 2003 3109 sit,
2040 3051 2257 3111 gratiam

39 3139 141 3171 non
177 3124 384 3185 requiri.
454 3123 569 3171 Non
605 3125 896 3185 intelligunt
927 3125 1190 3184 nimirum,
1243 3125 1355 3172 illas
1390 3125 1668 3186 particulas
1711 3127 1832 3172 sieut
1881 3131 2090 3186 oportet,
2138 3128 2259 3173 sicut

39 3200 245 3261 expedit,
281 3216 310 3247 a
346 3199 584 3247 Oonciliis
620 3201 821 3247 additas
858 3215 993 3260 esse,
1032 3205 1089 3248 ut
1123 3201 1376 3247 indicetur
1410 3202 1687 3249 necessitas
1722 3203 1917 3263 gratiae
1954 3202 2017 3249 ad
2056 3202 2259 3249 creden-

10 3292 14 3295 ·
39 3275 160 3323 dum
195 3282 304 3323 actu
334 3275 744 3335 supernaturalc'.“

186 3350 299 3412 („In
335 3352 578 3413 opusculo
625 3353 942 3414 apologetico
980 3352 1319 3411 ‚Meletemata
1355 3351 1672 3415 theologica‘,
1726 3355 1860 3415 quod
1894 3355 2097 3416 patroni
2131 3354 2260 3401 Her-

42 3427 296 3474 mesianae
343 3428 603 3475 doctrinae
651 3429 855 3476 Summo
902 3428 1134 3475 Pontifici
1184 3428 1369 3476 offerre
1420 3434 1715 3489 tentarunt,
1767 3430 1847 3476 hic
1896 3446 2037 3477 error
2088 3430 2260 3478 claris—

40 3501 166 3548 sime
218 3502 522 3550 defenditur.
602 3503 751 3563 ,Quid
801 3504 1138 3550 iudicabimus
1191 3505 1469 3551 secundum
1515 3505 1794 3552 Ecclesiam
1846 3505 2146 3552 catholicam
2197 3506 2258 3553 de

40 3576 139 3624 fide
173 3582 376 3625 mortua
422 3583 469 3625 et
505 3580 704 3627 otiosa?
764 3580 929 3627 Etiam
975 3580 1106 3626 hanc
1154 3595 1264 3626 esse
1312 3581 1497 3627 donum
1543 3582 1741 3642 gratiae
1776 3582 1910 3628 illius
1959 3585 2260 3642 supernatu-

42 3652 192 3713 ralis,
239 3654 291 3700 id
335 3669 500 3715 neque
548 3656 733 3703 diserte
770 3671 1066 3717 expressum
1101 3655 1233 3702 inest
1275 3657 1326 3702 in
1362 3656 1513 3704 Oonc.
1551 3657 1687 3704 Trid.
1725 3656 1856 3704 Sess.
1892 3657 1983 3705 VI.
2021 3673 2128 3705 can.
2168 3658 2260 3717 28„

41 3742 206 3788 neque
254 3729 601 3776 concludendo
650 3729 780 3776 effici
825 3734 1020 3791 potest3
1068 3745 1183 3776 nam
1228 3730 1324 3778 isto
1370 3746 1560 3778 canone
1606 3731 1667 3778 de
1712 3731 1907 3792 gratiae
1953 3732 2258 3779 necessitate

41 3803 213 3850 nullus
248 3806 450 3851 omnino
489 3821 651 3852 sermo
688 3805 769 3865 fit,
820 3807 1047 3867 quamvis
1085 3806 1309 3866 dicatur,
1345 3821 1494 3867 posse
1529 3807 1580 3853 in
1617 3822 1706 3866 eo,
1746 3807 1832 3868 qui
1868 3822 1957 3866 per
1991 3813 2255 3869 peccatum

40 3880 258 3939 gratiam
295 3882 534 3941 amiserit,
572 3896 739 3928 veram
776 3881 925 3929 fidem
961 3897 1224 3930 remanere
1258 3882 1378 3930 licet
1413 3886 1665 3930 mortuam
1702 3887 1752 3930 et
1788 3883 1895 3930 sine
1931 3884 2160 3932 caritate.
2197 3921 2207 3932 .
2247 3921 2257 3931 .
