2548 4290
500 140 719 180 Diversae
752 138 805 178 de
837 139 992 179 ordine
1024 152 1172 180 rerum
1203 140 1538 181 tractandarum
1572 144 1819 194 opiniones.
2166 143 2267 193 109

7 328 21 353 4
60 283 326 357 provisum
367 297 506 344 esse,
558 285 615 331 ut
655 279 1060 331 observationes
1100 280 1212 332 sive
1252 280 1440 331 harum
1492 282 1807 346 summaria,
1862 290 1976 333 tum
2024 281 2109 347 ,de
2149 281 2267 332 Pri-

2 361 6 377 ⁵
60 364 219 421 matu‘
267 368 381 415 tum
435 362 519 428 ,de
558 360 946 413 infallibilitate
986 361 1222 414 Romani
1261 362 1586 428 Pontificis‘,
1636 366 1911 431 separatim
1961 364 2016 415 in
2057 363 2269 415 duobus

9 448 15 452 ”
60 446 321 504 fasciculis
348 445 804 514 imprimerentur.
845 444 1009 496 Iussit
1037 445 1201 496 etiam
1222 445 1513 496 relationes
1542 446 1608 497 de
1637 446 2104 509 observationibus
2131 452 2265 498 tem-

0 522 3 526 *
60 530 258 602 pestive
300 528 460 580 scribi
496 529 587 591 ita,
627 533 687 578 ut
723 528 779 578 in
819 528 992 596 prima
1032 530 1268 581 sessione
1305 530 1741 597 congregationis
1770 531 2108 599 particularis
2150 529 2268 598 [de-

59 612 346 686 putationis
374 612 439 663 de
467 610 595 677 fide]
621 611 801 662 omnia
828 617 1018 679 parata
1046 618 1243 677 essent,
1285 617 1338 664 et
1367 612 1623 664 discussio
1653 613 1805 664 brevi
1833 614 2040 665 absolvi
2068 618 2264 682 posset.

68 736 77 744 .
127 741 130 744 .
201 695 339 762 „Per
389 693 785 745 hebdomadam
833 700 1074 746 sanctam
1115 694 1190 760 (d.
1236 696 1481 747 10.-16.
1522 694 1753 765 Aprilis)
1806 696 2110 763 complures
2159 696 2265 764 pri-

57 779 162 833 vati
200 794 517 845 congressus
569 794 599 827 a
638 776 892 828 Patribus
944 777 1310 846 deputationis
1363 777 1428 830 de
1469 778 1575 830 fide
1630 778 1973 830 habebantur
2012 780 2066 829 in
2108 778 2268 830 domo

64 860 672 925 WestmonasteriensiS,
722 865 782 910 ut
822 860 889 912 de
930 861 1200 913 schemate
1243 861 1615 930 componendo
1669 861 2050 914 deliberarent.
2128 860 2267 912 Con-

57 948 316 999 venerunt
354 942 452 993 sub
494 959 814 1011 vesperum,
866 948 1082 1011 praeter
1123 943 1794 1007 WVestmonasteriensem,
1834 943 2266 1008 Ratisbonensis,

59 1026 409 1092 anesnensis,
466 1025 776 1090 CalvensiS,
832 1025 1326 1091 Paderbornensis,
1383 1027 1726 1092 TarvisinUS,
1771 1027 2119 1092 SedunensiS,
2161 1027 2266 1078 Bo-

56 1110 287 1175 strensis,
328 1109 694 1161 Casseliensis.
759 1109 988 1175 Placuit,
1030 1110 1175 1178 quod
1215 1127 1246 1161 a
1286 1110 1495 1161 duobus
1534 1111 1802 1179 theologis
1842 1110 2268 1180 proponebatur,

55 1199 114 1248 ut
149 1198 261 1246 tota
298 1193 620 1245 Constitutio
664 1193 729 1244 de
770 1193 1019 1245 Romano
1062 1194 1327 1246 Pontifice
1379 1194 1436 1258 (i.
1477 1212 1524 1245 e.
1564 1211 1680 1263 cap.
1723 1195 2066 1246 undecimum
2105 1193 2266 1262 primi

56 1276 335 1334 schematis
364 1293 485 1327 cum
512 1276 687 1344 capite
716 1276 989 1343 addendo)
1033 1277 1087 1327 in
1117 1282 1347 1346 quatuor
1377 1277 1554 1346 capita
1583 1277 1934 1342 divideretur,
1977 1283 2047 1342 et,
2088 1277 2266 1345 quoad

57 1359 335 1415 formulam
377 1359 704 1411 definitionis
742 1359 1162 1424 infallibilitatis,
1203 1365 1263 1411 ut
1302 1361 1357 1412 in
1396 1361 1634 1411 sessione
1675 1360 2041 1430 deputationis
2081 1365 2267 1412 textus

57 1443 336 1499 schematis
379 1442 591 1512 [capitis
646 1442 845 1508 additi,
906 1443 1050 1512 quod
1091 1444 1194 1494 erit
1243 1449 1493 1512 quartum
1547 1449 1709 1511 caput
1750 1443 2164 1495 Constitutionis
2200 1443 2267 1494 de

55 1526 293 1583 Romano
334 1525 622 1593 Pontifice]
678 1525 743 1577 ab
787 1526 1034 1577 omnibus
1074 1527 1401 1579 retineretur
1443 1532 1495 1579 et
1536 1526 1958 1595 approbaretur,
2010 1532 2171 1595 prout
2211 1526 2264 1576 in

56 1609 241 1679 ,capite
281 1609 549 1661 addendo‘
590 1609 878 1678 reperitur.

89 1702 93 1707 ’
191 1692 504 1763 „Putabant
551 1693 769 1756 PatreS,
823 1694 913 1761 qui
965 1693 1366 1745 infallibilitatis
1419 1694 1789 1762 quaestionem
1842 1711 1968 1745 mox
2020 1693 2075 1744 in
2127 1692 2266 1744 Con—

55 1776 230 1832 cilium
284 1777 554 1829 introduci
608 1776 895 1843 volebant,
953 1778 1342 1829 discussionem
1398 1777 1687 1828 schematis
1738 1778 1792 1827 in
1843 1777 2267 1845 congregatione

54 1860 364 1930 particulari
404 1860 568 1930 incipi
617 1877 773 1927 posse
815 1860 951 1912 feria
991 1861 1064 1913 II.
1112 1862 1200 1912 vel
1240 1860 1344 1914 III.
1388 1861 1686 1912 Paschatis.
1765 1860 1873 1912 Sed
1925 1861 2014 1929 qui
2057 1860 2269 1929 opposi-

53 1948 158 1995 tam
208 1944 529 1995 sententiam
583 1944 975 2012 sequebantur,
1029 1943 1414 1995 discussionem
1468 1944 1755 1995 schematis
1805 1943 2069 2012 impedire
2121 1942 2267 1994 omni

54 2043 150 2095 ope
200 2027 509 2079 studebant.
587 2027 813 2082 Praeter
853 2028 989 2092 alia,
1042 2045 1097 2079 se
1139 2045 1352 2096 quoque
1405 2027 1763 2096 propositioni
1816 2027 2146 2095 quaestionis
2186 2027 2263 2077 in·

53 2108 388 2162 fallibilitatis
439 2128 793 2163 consensuros
844 2127 961 2162 esse
1015 2109 1294 2176 dixerant,
1351 2111 1393 2161 si
1444 2112 1662 2162 schema
1714 2110 1778 2161 de
1819 2110 2064 2162 Ecclesia
2114 2110 2267 2160 iuxta

55 2193 292 2245 ordinem
334 2194 571 2262 capitum
612 2199 1025 2264 proponeretur.
1082 2193 1239 2253 Quod
1279 2193 1487 2262 aliquos
1529 2211 1597 2244 ex
1639 2193 1909 2259 Patribus,
1953 2193 2042 2262 qui
2082 2192 2267 2244 defini-

53 2277 182 2329 tioni
232 2276 514 2343 favebant,
575 2278 828 2343 adduxit,
885 2283 942 2328 ut
992 2278 1366 2346 quaestionem
1420 2277 1621 2328 differri
1663 2277 1884 2329 vellent.
1964 2276 2267 2328 Cardinalis

53 2358 376 2414 Morichini¹
434 2361 753 2429 petitionem
809 2360 1123 2429 subscripsit
1178 2361 1404 2428 aliisque
1458 2359 1900 2411 subscribendam
1955 2359 2266 2424 transmisit,

54 2459 157 2512 qua
207 2444 578 2512 postulabatur
620 2446 884 2512 capitum,
944 2445 1020 2494 uti
1070 2444 1329 2512 disposita
1385 2448 1568 2508 erant,
1625 2443 1892 2494 tractatio.
1969 2442 2267 2494 Accessere

54 2525 172 2592 alia,
212 2526 404 2595 quibus
446 2527 748 2579 Cardinalis
790 2527 929 2578 Bilio
971 2528 1162 2578 timore
1204 2526 1557 2593 afficiebatur,
1599 2527 1674 2577 ita
1712 2531 1771 2576 ut
1810 2543 1924 2577 rem
1961 2542 2266 2594 proponere

55 2608 338 2663 dubitaret.
402 2610 701 2662 Maximum
741 2612 907 2678 igitur
946 2611 1248 2679 periculum
1290 2614 1420 2676 erat,
1461 2627 1528 2662 ne
1570 2609 1636 2661 de
1677 2609 1796 2660 aliis
1835 2609 2101 2678 capitibus
2141 2625 2267 2675 age-

53 2697 198 2744 retur
237 2698 306 2757 et,
348 2698 623 2762 protracta
662 2694 820 2745 nimis
861 2711 1047 2745 eorum
1089 2693 1437 2760 discussione,
1479 2692 1845 2744 crescentibus
1886 2692 2090 2742 aestivo
2133 2697 2265 2742 tem-

53 2791 178 2843 pore
218 2776 513 2838 caloribuS,
556 2777 821 2845 denique,
864 2781 1154 2844 antequam
1195 2776 1264 2827 ad
1306 2781 1468 2845 caput
1509 2776 1575 2826 de
1615 2775 2002 2826 infallibilitate
2043 2780 2266 2825 ventum

54 2864 206 2925 esset,
248 2858 551 2911 Concilium
592 2865 993 2928 prorogaretur.
1074 2859 1265 2927 Neque
1307 2860 1479 2910 solum
1532 2858 1801 2926 urgebant
1842 2857 2136 2909 adversarii
2177 2857 2267 2909 de-

54 2940 329 3009 finitionis,
370 2948 459 3010 ut,
501 2947 793 3012 antequam
835 2943 902 2994 ad
945 2943 1244 2994 doctrinam
1287 2943 1352 2994 de
1396 2943 1616 2994 Summo
1658 2942 1921 2993 Pontifice
1972 2941 2268 3006 veniretur,

55 3023 445 3078 discuterentur
487 3026 673 3079 decem
715 3027 897 3096 priora
937 3027 1113 3094 capita
1154 3026 1441 3077 schematis
1482 3026 1547 3076 de
1576 3024 1837 3090 Ecclesia,
1879 3024 1975 3076 sed
2010 3024 2267 3075 volebant

55 3107 240 3172 etiam,
281 3109 529 3160 absoluta
569 3110 743 3178 prima
785 3109 1183 3161 Constitutione
1226 3109 1290 3160 de
1332 3109 1464 3173 fide,
1508 3108 1575 3159 ad
1616 3108 1844 3159 alteram
1884 3108 2013 3159 item
2055 3107 2118 3158 de
2160 3106 2266 3158 fide

57 3188 507 3244 Constitutionem
537 3193 766 3261 gradum
795 3193 927 3257 fieri,
968 3209 1029 3243 ac
1058 3198 1247 3261 postea
1276 3191 1492 3251 demum
1519 3191 1682 3259 incipi
1710 3191 2088 3242 tractationem
2117 3190 2265 3241 sche-

2 3284 7 3287 ’
55 3275 207 3326 matis
246 3275 312 3326 de
351 3276 595 3328 Ecclesia
625 3277 840 3341 Christi,
883 3293 1110 3344 eamque
1152 3275 1448 3327 secundum
1488 3275 1732 3326 ordinem
1770 3275 1965 3342 inipso
1995 3273 2267 3325 schemate

55 3360 403 3427 propositum.
483 3359 787 3411 Cardinalis
825 3360 997 3425 Bilio,
1039 3360 1268 3410 Praeses
1310 3359 1674 3427 deputationis
1716 3358 1780 3408 de
1822 3357 1980 3408 rebus
2019 3357 2161 3422 fidei,
2203 3357 2266 3408 iis

57 3438 277 3509 obsequi
316 3442 457 3493 velle
499 3442 818 3507 videbatur,
878 3459 978 3494 nec
1015 3442 1122 3493 iam
1162 3442 1216 3492 in
1257 3442 1492 3493 sessione
1535 3440 1899 3509 deputationis
1940 3439 2159 3491 schema
2199 3439 2267 3491 de

54 3521 298 3575 Romano
327 3524 608 3590 Pontifice,
649 3525 743 3576 sed
780 3523 1072 3576 secundam
1102 3524 1558 3575 Constitutionem
1588 3523 1653 3574 de
1694 3521 1799 3573 fide
1842 3522 2105 3573 catholica
2144 3539 2266 3590 pro-

56 3622 255 3674 ponere
294 3607 481 3658 statuit
499 3605 534 3658 2.

204 3786 216 3812 ¹
254 3786 650 3838 Postulataetc.
721 3788 776 3837 C.
812 3790 874 3838 V.
911 3791 1004 3836 974
1020 3805 1060 3836 c.
1240 3788 1255 3815 ²
1296 3788 1439 3844 Quod
1476 3787 1793 3850 propositum
1829 3787 2040 3848 peregit.
2099 3786 2160 3833 V.
2186 3786 2265 3832 Ex

58 3860 182 3910 actis
217 3865 311 3910 etc.
379 3862 434 3911 C.
469 3863 531 3911 V.
571 3866 734 3912 1678a
769 3880 877 3927 sqq.
