2548 4290
297 126 542 169 Comment.
573 128 656 168 IX.
715 126 907 170 Concilii
940 129 1138 172 definitio
1172 131 1227 171 de
1261 132 1436 172 obiecto
1469 131 1810 174 infallibilitatis
1841 134 2110 187 pontificiae.
2205 135 2308 186 209

101 269 379 323 Pontificis
408 270 639 322 eandem
667 288 783 322 esse
810 278 972 341 atque
999 272 1310 337 Ecclesiae3
1357 273 1438 324 his
1467 274 1625 338 enim,
1668 291 1806 342 quae
1835 276 1900 328 de
1930 276 2087 329 huius
2114 277 2311 328 infalli-

100 352 309 404 bilitate
339 353 707 421 cognovimus,
735 352 801 405 de
826 354 1214 407 infallibilitate
1240 355 1518 424 pontificia
1543 356 1877 409 admittenda
1900 377 2014 411 esse
2044 360 2310 412 discimus,

245 435 380 487 Inde
421 435 670 502 tandem,
724 437 867 505 quod
905 438 960 488 in
1001 437 1398 490 Constitutione
1449 439 1514 490 de
1568 439 1673 490 fide
1712 442 2021 509 magisterio
2062 443 2312 495 ecclesia-

99 518 232 571 stico
271 519 352 570 ius
394 524 448 571 et
487 518 723 571 officium
763 520 1050 586 tribuitur,
1107 521 1259 587 „falsi
1299 522 1530 572 nominis
1571 522 1848 574 scientiam
1888 525 2312 593 proscribendi“,

100 618 208 654 non
247 603 505 671 sequitur,
545 602 601 653 in
642 601 1039 655 Constitutione
1080 605 1253 671 prima
1293 604 1359 655 de
1398 604 1644 656 Ecclesia
1685 605 1904 658 Summo
1945 608 2197 660 Pontifici
2234 609 2313 660 in-

100 683 486 736 fallibilitatem
527 685 722 737 ascribi
762 685 818 736 in
860 686 1169 738 definienda
1198 686 1458 752 doctrina,
1502 704 1639 756 quae
1668 689 1909 740 revelata
1936 708 2044 741 non
2084 698 2179 756 est,
2219 691 2313 743 sed

101 785 221 819 cum
273 768 516 820 revelata
572 768 817 820 doctrina
876 786 1125 821 connexa
1150 769 1183 821 ¹.
1276 769 1624 821 Ostendimus
1680 772 1824 822 enim
1880 791 2043 842 supra
2061 771 2098 840 ²,
2160 774 2314 838 „falsi

100 851 329 903 nominis
368 852 681 904 scientiam“
725 852 959 921 intelligi
999 853 1301 905 doctrinam
1342 854 1444 922 ipsi
1484 855 1700 905 veritati
1738 856 1975 907 revelatae
2012 856 2314 909 formaliter

19 952 33 974 ’1
101 935 419 1003 oppositam.
497 935 606 988 Sed
647 936 857 987 etiamsi
896 936 1207 1005 magisterio
1261 937 1627 989 ecclesiastico
1671 938 1753 989 ius
1793 944 1847 989 et
1887 939 2122 991 officium
2165 941 2314 992 attri-

103 1018 357 1070 bueretur
385 1018 756 1086 proscribendi
785 1036 877 1071 eos
906 1037 1131 1086 erroreS,
1162 1020 1355 1088 quibus
1383 1021 1638 1072 veritates
1667 1038 1787 1072 cum
1813 1022 2052 1074 revelata
2074 1022 2315 1075 doctrina

100 1116 378 1154 connexae
419 1107 705 1170 negantur,
748 1103 798 1155 ei
838 1109 1044 1154 remote
1085 1108 1312 1168 tantum,
1354 1119 1425 1155 sc.
1456 1108 1678 1154 eatenus
1718 1103 1890 1155 solum
1930 1105 2315 1158 attribueretur

24 1173 46 1235 ἲ(
100 1183 458 1236 infallibilitas
497 1186 553 1236 in
594 1187 963 1255 proponendis
991 1186 1139 1238 hisce
1167 1186 1505 1251 veritatibus,
1548 1193 1813 1255 quatenus
1847 1205 1916 1239 ex
1943 1188 2044 1240 hac
2073 1188 2316 1242 doctrina

22 1300 37 1325 9
103 1285 134 1319 a
162 1266 405 1320 Concilio
445 1274 647 1321 statuta
679 1275 861 1337 posset
894 1270 1202 1338 theologica
1243 1269 1585 1320 conclusione
1614 1269 1806 1335 deduci,
1845 1271 1899 1321 in
1925 1271 2140 1323 tuendis
2168 1273 2314 1324 hisce

104 1350 421 1403 veritatibus
460 1351 735 1404 Ecclesiae
776 1352 1224 1404 infallibilitatem
1263 1352 1640 1403 ascribendam
1681 1370 1812 1403 esse.

245 1434 347 1500 Ut,
400 1453 537 1504 quae
590 1435 656 1487 de
696 1453 857 1488 sensu
908 1436 1233 1488 definitionis
1270 1435 1672 1486 infallibilitatis
1725 1436 2030 1504 pontificiae
2081 1436 2315 1489 ostendi-

102 1534 246 1583 mus,
296 1518 489 1570 clarius
531 1520 597 1571 ob
640 1520 822 1571 oculos
863 1537 1142 1588 ponamUS,
1190 1524 1298 1569 tres
1338 1519 1619 1587 primarias
1659 1518 1917 1570 formulas
1957 1520 2024 1571 ad
2067 1537 2185 1571 eam
2226 1520 2315 1572 de-

101 1601 394 1654 finiendam
433 1604 735 1673 propositas
785 1604 925 1655 inter
979 1621 1034 1655 se
1076 1621 1464 1671 comparemus,
1543 1603 1725 1655 Primo
1773 1603 1889 1655 loco
1941 1603 2171 1656 habetur
2210 1605 2316 1656 for-

102 1686 249 1737 mula
288 1704 378 1753 ea,
426 1705 564 1756 quae
605 1693 863 1756 tanquam
904 1691 1066 1756 caput
1106 1687 1393 1738 undecimo
1436 1686 1599 1754 capiti
1639 1686 1924 1738 schematis
1965 1687 2030 1738 de
2071 1688 2318 1740 Ecclesia

101 1768 414 1822 addendum
454 1771 709 1822 Patribus
751 1771 980 1823 Concilii
1031 1771 1347 1822 tradebatur
1371 1768 1407 1819 3.
1486 1770 1678 1821 Altera
1731 1777 1810 1821 est
1862 1770 2094 1822 formula
2145 1772 2237 1822 illa
2286 1789 2317 1823 a

103 1850 451 1921 deputatione
480 1853 545 1906 de
574 1854 679 1905 fide
706 1860 929 1919 mutata,
971 1872 1108 1922 quae
1137 1859 1392 1921 tanquam
1422 1870 1543 1921 pars
1585 1853 1775 1921 capitis
1816 1854 1991 1921 quarti
2031 1854 2317 1905 schematis

103 1935 515 1989 Constitutionis
567 1938 773 2007 primae
827 1938 893 1989 de
948 1937 1195 1989 Ecclesia
1246 1938 1300 1987 in
1355 1935 1790 2004 Congregatione
1846 1938 2090 2004 generali
2143 1938 2315 2007 primo

21 2029 24 2030 ’
102 2018 492 2072 discutiebatur
514 2021 551 2073 ⁴.
630 2020 815 2072 Tertia
873 2038 937 2072 ea
991 2020 1225 2071 formula
1277 2024 1383 2084 est,
1442 2036 1578 2087 quae
1631 2019 1975 2070 a·Cardinali
2018 2020 2210 2071 Cullen
2261 2021 2316 2071 in

103 2102 539 2173 Congregatione
594 2104 839 2171 generali
897 2104 1172 2172 proposita
1223 2108 1277 2154 et
1327 2121 1358 2153 a
1412 2102 1763 2170 deputatione
1813 2102 2106 2154 reformata
2155 2110 2316 2172 atque

102 2187 479 2239 commendata
517 2193 773 2256 tanquam
815 2187 1054 2238 definitio
1095 2186 1494 2237 infallibilitatis
1534 2185 1841 2254 pontificiae
1884 2204 1913 2236 a
1954 2186 2195 2238 Concilio
2237 2205 2317 2239 re-

102 2276 261 2339 cepta
308 2276 360 2323 et
410 2273 761 2340 comprobata
813 2276 892 2322 est
911 2270 946 2322 5.
1027 2270 1178 2329 Quae
1229 2269 1397 2321 verba
1446 2269 1651 2337 primae
1708 2269 1972 2320 formulae
2023 2287 2053 2320 a
2094 2270 2316 2339 deputa-

101 2355 249 2407 tione
289 2355 476 2408 addita
516 2373 576 2407 ac
619 2360 807 2424 postea
846 2355 1042 2405 iterum
1084 2355 1278 2405 omissa
1321 2358 1473 2417 sunt,
1527 2369 1772 2420 quaeque
1813 2357 1892 2403 tot
1929 2353 2318 2404 discussionum

103 2444 257 2490 erant
297 2456 474 2502 causa,
516 2438 902 2507 insignioribus
942 2437 1112 2488 literis
1154 2436 1484 2487 indicamus:

165 2560 296 2607 Hinc
344 2576 488 2607 sacro
530 2559 733 2623 appr0-{
819 2561 950 2608 Hinc
999 2577 1142 2608 sacro
1185 2560 1501 2621 approbante
1539 2558 1666 2604 Con·
1784 2559 1963 2619 Itaque
1981 2575 2317 2606 nos...sacro

100 2633 253 2679 bante
291 2632 514 2680 Concilio
564 2625 869 2701 doce-{cilio
909 2632 988 2692 [L]
1040 2634 1275 2680 docemus
1324 2636 1372 2677 et
1425 2632 2027 2692 tanquamapprobante
2094 2630 2317 2678 Concilio

102 2720 213 2750 mus
250 2708 300 2751 et
325 2708 564 2766 tanquam
594 2705 709 2751 fidei
732 2712 733 2715 ’
757 2705 938 2765 dogma
973 2705 1088 2752 fidei
1122 2704 1449 2762 declaramus,
1486 2702 1667 2749 Roma-
1715 2702 1951 2749 docemus
1988 2706 2038 2749 et
2079 2703 2318 2749 divinitus

104 2776 287 2837 dogma
311 2776 589 2836 definimus,
626 2776 707 2835 [L]
733 2792 876 2837 ¹num
912 2776 1206 2824 Pontificem
1236 2814 1245 2822 .
1274 2812 1283 2821 .
1312 2812 1321 2821 .
1347 2775 1395 2821 vi
1429 2775 1666 2821 assisten-
1713 2774 1994 2820 revelatum
2014 2774 2194 2835 dogma
2209 2791 2318 2822 esse

102 2863 192 2909 per
229 2849 446 2896 divinam
473 2850 709 2895 assisten-
758 2849 858 2895 tiae
896 2849 1093 2896 divinae
1139 2849 1234 2908 ipsi
1280 2848 1555 2908 promissae
1593 2862 1664 2893 er·
1713 2845 1999 2904 definimus,
2037 2846 2319 2894 Romanum

103 2920 223 2967 tiam
242 2921 708 2981 fieri,utRomanus
757 2935 872 2966 rare
906 2936 1009 2966 non
1044 2936 1208 2982 posse,
1250 2936 1403 2980 quum
1443 2920 1664 2979 supremi
1711 2917 2038 2977 Pontificem,
2092 2935 2204 2965 cum
2257 2935 2318 2966 ex

103 2992 342 3041 Pontifex
367 3031 377 3041 .
405 3031 414 3040 .
442 3031 452 3041 .
479 3010 592 3040 cum
630 3010 710 3040 su-
733 2986 735 2990 ’
759 2993 979 3039 omnium
1007 2992 1408 3039 Christianorum
1444 2992 1665 3038 doctoris
1713 2989 1968 3036 Cathedra
1995 2990 2238 3051 loquitur,
2269 2992 2319 3038 id

104 3066 262 3126 premi
310 3067 529 3113 omnium
570 3066 709 3114 Chri·
757 3080 965 3111 munere
1002 3066 1216 3125 fungens
1261 3080 1350 3126 pro
1390 3063 1667 3125 apostolica
1712 3066 1789 3108 est
1815 3078 1926 3108 cum
1945 3063 2164 3108 omnium
2180 3062 2321 3110 Chri-

107 3139 388 3185 stianorum
488 3141 708 3188 doctoris
759 3153 849 3184 sua
885 3138 1192 3183 auctoritate
1230 3136 1417 3195 definit,
1461 3136 1579 3195 quid
1614 3135 1664 3180 in
1714 3135 1992 3180 stianorum
2018 3136 2235 3195 pastoris
2270 3141 2319 3181 et

106 3226 313 3258 munere
358 3211 575 3274 fungens
619 3229 708 3274 pro
757 3211 909 3258 rebus
944 3209 1060 3256 fidei
1107 3224 1165 3255 ac
1217 3224 1409 3255 morum
1459 3208 1520 3253 ab
1559 3207 1935 3271 uni-:doctoris
1971 3221 2179 3253 munere
2208 3207 2320 3252 fun-

106 3284 411 3331 auctoritate
521 3285 708 3345 definit,
734 3322 735 3325 ,
758 3297 906 3328 versa
940 3281 1169 3328 Ecclesia
1203 3286 1435 3340 tanquam
1472 3280 1529 3326 cle
1563 3280 1668 3339 fide
1689 3294 1690 3302 ¹
1712 3293 1866 3339 gens,
1935 3292 2024 3338 pro
2085 3294 2321 3338 suprema

106 3355 226 3416 quid
261 3356 313 3402 in
337 3357 488 3403 rebus
519 3357 636 3404 fidei
661 3363 711 3404 et
759 3355 1030 3401 tenendum
1060 3354 1139 3400 vel
1167 3358 1397 3414 tanquam
1411 3352 1537 3412 fidei
1559 3367 1666 3398 con·
1716 3365 1806 3396 sua
1864 3350 2144 3409 apostolica
2205 3366 2320 3396 auc-

106 3442 302 3474 morum
357 3430 417 3476 ab
473 3430 711 3477 universa
757 3428 967 3473 trarium
994 3426 1319 3472 reiiciendum
1348 3425 1438 3484 sit3
1465 3428 1514 3470 et
1539 3424 1669 3470 eius-
1715 3422 1922 3467 toritate
1951 3421 2225 3468 doctrinam
2258 3422 2319 3468 de

106 3499 892 3562 Ecclesiatenendumsit,'modi
930 3500 1132 3546 decreta
1168 3498 1272 3544 sive
1318 3497 1530 3554 iudicia,
1578 3493 1810 3556 perfide
1860 3494 1939 3540 vel
1983 3493 2207 3540 moribus
2256 3495 2318 3541 ab

106 3585 277 3618 errare
311 3587 413 3619 non
440 3574 625 3634 possit3
663 3577 712 3620 et
735 3580 737 3625 ὲ
762 3587 813 3618 se
838 3569 1243 3628 irreformabilia,
1272 3585 1301 3615 a
1327 3569 1503 3630 quovis
1529 3567 1691 3614 Chri·
1715 3567 1951 3612 universa
1986 3565 2213 3611 Ecclesia
2249 3571 2320 3611 te-

109 3640 713 3703 [II.]hancRomaniPon-
735 3658 737 3693 =
760 3645 940 3701 stiano‚
966 3647 1023 3688 ut
1040 3643 1254 3702 primum
1274 3642 1319 3688 ei
1336 3640 1667 3699 innotuerint,
1690 3677 1691 3694 ,
1713 3637 1927 3684 nendam
1980 3637 2180 3696 definit,
2230 3652 2321 3698 per

252 3788 266 3814 ¹
305 3789 379 3836 Cf.
417 3805 570 3850 supra
605 3805 651 3850 p.
693 3790 797 3834 192.
978 3787 992 3813 ²
1029 3787 1084 3834 P.
1122 3786 1235 3833 91¹.
1416 3785 1430 3811 ³
1468 3786 1528 3832 V.
1567 3799 1721 3845 supra
1756 3799 1803 3843 p.
1845 3784 1950 3829 192.

254 3864 272 3890 4
307 3865 367 3911 V.
405 3881 451 3925 p.
495 3868 599 3912 196.
779 3863 794 3889 ⁵
831 3864 892 3910 V.
929 3879 976 3924 p.
1015 3864 1124 3909 203.

198 3949 521 3986 Granderath,
553 3950 712 3980 Constit.
736 3949 904 3988 dogmat.
1921 3939 1973 3976 14
