2548 4290
0 140 6 146 ,
33 135 45 145 -ιῑ
66 134 76 151 ³,

18 155 20 161 ,
48 159 70 170 ,Γ

0 174 8 202 Ξ
26 169 67 207 25³⁴*

0 210 5 222 ἓ
38 212 44 221 ¹.

342 178 587 220 Comment.
621 179 721 219 VII.
776 180 844 219 De
874 180 1020 220 tribus
1054 179 1356 221 Conciliorum
1387 185 1656 223 testimoniis
1689 186 1734 223 in
1767 186 1913 236 capite
1944 183 2024 223 IV.
2187 182 2286 233 169

0 320 275 389 sffmenici
314 319 543 371 Concilii
581 319 861 385 Praesidi,
918 320 1130 372 oblatae
1182 322 1370 373 initam
1426 324 1565 376 inter
1604 324 1881 377 Orientem
1932 332 1986 377 et
2025 323 2287 376 Occiden-

0 410 189 459 tem
227 401 420 465 fuisse3
463 407 516 454 et

0 475 59 546 ἒ
226 488 307 551 „3.
348 484 414 535 ab
454 485 707 536 universo
749 483 991 537 Concilio
1043 486 1310 538 solemnes
1350 486 1469 539 Deo
1525 488 1714 540 laudes
1769 489 1981 541 habitas
2035 507 2149 541 esse
2189 506 2286 558 pro

53 568 324 641 ,restituta
362 583 484 618 cum
525 566 748 618 Graecis
789 568 1006 620 unione.

61 711 63 713 ³
224 650 417 717 „Unde
458 649 801 701 manifestum
844 656 951 716 est,
994 652 1338 704 conciliarem
1379 652 1484 703 dici
1524 652 1723 705 debere
1766 653 2098 706 Graecorum
2137 655 2287 706 unio-

47 752 217 799 nem,
257 733 600 785 conciliarem
641 733 807 802 ipsius
847 734 1060 785 unionis
1099 739 1297 796 actum,
1337 740 1390 786 et
1426 736 1711 787 conciliare
1740 736 2153 788 fundamentum
2193 754 2288 788 seu

75 818 491 870 instrumentum
531 815 912 883 symbolicum,
968 816 1053 867 cui
1108 817 1234 868 unio
1275 817 1638 884 innitebatur,
1695 825 1747 869 et
1797 819 1851 870 in
1903 818 2047 888 quod
2086 820 2289 888 pariter

78 898 461 953 consentiendo
513 897 730 950 dissitae
781 899 928 966 prius
968 904 1150 967 partes
1189 899 1611 966 conveniebant,
1663 907 1717 953 et
1766 902 1984 970 quidem
2033 903 2088 952 in
2127 902 2287 971 pleno

80 982 352 1047 Concilio,
405 985 515 1032 tam
557 981 754 1032 Graeci
804 982 939 1032 illud
991 981 1283 1034 offerentes
1335 999 1494 1051 quam
1534 983 1716 1034 Latini
1767 985 1910 1036 idem
1949 985 2288 1054 recipientes

76 1065 243 1136 Atqui
284 1065 417 1116 haec
459 1063 565 1116 duo
607 1064 848 1132 profecto
889 1072 947 1116 ut
986 1062 1389 1134 aequivalentia
1428 1066 1616 1118 haberi
1657 1067 1884 1131 debent,
1927 1068 2124 1134 dicere,
2164 1067 2290 1119 fidei

76 1149 361 1202 formulam
411 1148 653 1198 unanimi
706 1148 1059 1199 consensione
1100 1149 1153 1199 in
1197 1148 1438 1200 Concilio
1478 1149 1644 1200 fuisse
1685 1156 1985 1219 receptam,
2038 1167 2099 1201 ac
2140 1150 2287 1202 illam

45 1235 107 1286 ‘a
154 1232 393 1284 Concilio
446 1230 728 1300 probatam
778 1230 959 1283 fuisse.
1038 1231 1243 1291 Quodsi
1299 1249 1425 1283 vero
1480 1233 1535 1282 in
1587 1231 1826 1283 Concilio
1877 1251 1972 1302 per
2028 1233 2287 1301 specialem.

47 1331 499 1386 ‚expressumque
540 1318 719 1364 actum
760 1314 994 1366 formula
1032 1332 1064 1365 a
1091 1314 1373 1366 Clemente
1401 1315 1500 1368 IV.
1541 1334 1638 1384 pro
1680 1316 1879 1368 unione
1909 1316 2132 1368 Graecis
2167 1333 2288 1385 pro-

73 1398 244 1468 posita
291 1415 399 1449 non
450 1396 552 1448 fuit
604 1397 863 1466 probata,
915 1398 1050 1449 ratio
1103 1397 1389 1449 manifesta
1430 1398 1563 1449 haec
1603 1403 1714 1465 est,
1769 1399 1912 1467 quod
1963 1400 2113 1451 nulla
2153 1400 2289 1450 eius-

75 1482 217 1535 modi
256 1481 503 1551 probatio
545 1481 948 1549 requirebatur,
1001 1499 1164 1550 quum
1207 1500 1238 1532 a
1278 1481 1524 1533 Romana
1563 1482 1686 1533 fidei
1728 1482 1986 1549 formula,
2033 1483 2088 1533 in
2129 1500 2287 1551 quam

74 1564 379 1619 Orientales
419 1565 845 1629 consentiebant,
888 1564 1266 1616 Occidentales
1299 1583 1396 1616 nec
1435 1565 1582 1632 prius
1621 1565 1995 1617 dissensissent
2034 1582 2133 1616 nec
2162 1571 2289 1616 tunc

76 1649 435 1702 dissentirent.
513 1647 768 1700 Ceterum
819 1653 872 1699 et
922 1648 1022 1700 hoc
1074 1648 1431 1700 animadverti
1482 1653 1690 1716 potest,
1743 1649 1857 1717 ipso
1900 1650 2175 1713 exercito,
2233 1656 2290 1699 ut

72 1733 239 1799 aiunt,
280 1732 645 1784 consensionis
685 1739 738 1783 et
765 1732 978 1783 unionis
1017 1738 1157 1795 actu,
1200 1732 1503 1783 virtualiter
1544 1737 1688 1784 certe
1732 1733 1815 1784 vel
1856 1732 2289 1801 aequipollenter

74 1816 521 1887 approbationem
563 1815 844 1867 contineri.

219 1899 355 1966 „HL
396 1899 466 1950 Vi
508 1900 672 1951 etiam
713 1905 899 1950 carent
939 1900 1291 1968 exceptiones
1331 1900 1723 1951 leermeneuticae
1764 1905 1817 1950 et
1855 1901 2135 1968 exeyeticaa
2174 1899 2287 1967 qui-

75 1983 171 2035 bus
211 1983 547 2052 impetuntur

219 2070 302 2133 „1.
342 2066 507 2118 verba
535 2065 736 2118 Christi
766 2064 984 2117 Domini
1026 2065 1170 2135 apud
1198 2065 1534 2117 Matthaeum
1565 2067 1674 2118 16.:
1718 2065 1820 2129 ,Tu
1861 2083 1916 2116 es
1945 2066 2138 2117 Petrus
2168 2066 2289 2116 etc.‘

74 2150 224 2219 quasi
263 2149 368 2201 illis
407 2149 509 2202 hoc
549 2167 717 2200 unum
757 2149 1105 2216 indicaretur,
1147 2149 1463 2212 Ecclesiam,
1507 2166 1643 2218 quae
1685 2166 1898 2218 semper
1938 2148 2160 2200 habebit
2188 2148 2288 2199 Pe-

69 2239 227 2300 trum,
266 2251 543 2302 nunquam
585 2251 741 2302 posse
784 2252 984 2286 errare.
1061 2234 1281 2285 Etenim

222 2318 306 2383 „a)
346 2322 728 2386 praeterquam
769 2317 912 2386 quod
952 2317 1258 2368 huiusmodi
1308 2317 1685 2385 interpretatio
1740 2316 1943 2367 directe
1998 2314 2290 2383 opponitur

74 2399 231 2452 obvio
272 2400 560 2452 verborum
602 2401 809 2464 sensui,
865 2400 1056 2469 quibus
1097 2400 1457 2468 significatur,
1512 2399 1619 2451 ideo
1660 2416 1936 2467 nunquam
1976 2405 2287 2465 superatum

72 2483 137 2534 iri
176 2484 263 2535 vel
304 2501 485 2536 errare
526 2501 682 2553 posse
711 2484 1030 2547 Ecclesiam,
1070 2485 1193 2552 quia
1233 2483 1461 2534 fundata
1501 2488 1581 2534 est
1620 2501 1782 2551 supra
1823 2487 2050 2551 petram,
2092 2482 2180 2550 qui
2211 2488 2291 2533 est

73 2566 296 2630 Petrus;
339 2567 530 2619 eadem

220 2651 309 2719 „b)
352 2650 661 2703 excluditur
689 2668 786 2719 per
814 2651 981 2702 verba
1009 2651 1293 2719 sequentia
1333 2667 1402 2701 ex
1443 2649 1675 2701 formula
1703 2648 2029 2700 Hormisdae
2058 2648 2290 2699 Hadria-

72 2735 234 2804 nique
273 2735 329 2786 in
368 2735 642 2787 schemate
684 2735 875 2798 allata3
918 2752 1014 2803 per
1055 2751 1120 2785 ea
1160 2734 1301 2784 enim
1343 2733 1476 2784 haec
1505 2738 1600 2797 est,
1642 2749 1812 2800 eaque
1841 2731 2153 2783 authentica
2182 2731 2289 2782 dic-

72 2822 248 2870 torum
290 2817 488 2870 Christi
539 2818 944 2886 interpretatio,
997 2824 1056 2868 ut
1104 2817 1375 2868 eorundem
1426 2818 1608 2867 virtute
1658 2815 1729 2880 ,in
1782 2813 1921 2866 Sede
1974 2814 2291 2883 Apostolica

72 2901 417 2953 immaculata
471 2901 538 2953 sit
579 2918 791 2969 semper
843 2900 1109 2952 catholica
1163 2906 1375 2951 servata
1425 2899 1643 2966 religiO,
1700 2904 1754 2949 et
1792 2904 1977 2949 sancta
2018 2897 2290 2949 celebrata

29 3014 44 3029 ·
74 2984 352 3037 doctrina‘.

222 3072 407 3138 „Haec
450 3076 631 3123 autem
674 3088 780 3121 non
821 3076 1029 3122 tantum
1073 3069 1139 3120 de
1169 3068 1397 3137 simplici
1426 3068 1587 3135 facto,
1627 3074 1684 3118 ut
1724 3067 1815 3118 alii
1856 3067 2152 3135 excipiunt,
2194 3066 2287 3118 sed

74 3153 140 3206 de
181 3155 449 3206 constanti
502 3171 563 3205 ac
618 3153 941 3204 immutabili
982 3170 1195 3221 quoque
1242 3153 1353 3203 iure
1402 3151 1634 3219 intelligi
1675 3149 1901 3214 debere,
1954 3149 2080 3200 inde
2121 3154 2287 3217 patet,

8 3291 13 3295 ,
73 3237 212 3306 quod
257 3236 433 3288 allatis
474 3236 713 3287 eiusdem
758 3235 1021 3287 formulae
1074 3234 1251 3285 verbis
1303 3235 1639 3285 conservatio
1691 3232 2067 3283 immaculatae
2109 3232 2289 3283 catho-

74 3319 208 3371 licae
248 3320 525 3389 religionis
565 3327 619 3371 et
659 3319 953 3371 celebratio
996 3324 1212 3369 sanctae
1256 3317 1533 3369 doctrinae
1573 3317 1743 3368 veluti
1784 3315 2009 3367 effectus
2051 3315 2289 3366 declara-

72 3406 158 3453 tur
198 3402 529 3454 necessariae
571 3420 631 3453 ac
671 3401 1021 3452 immutabilis
1062 3417 1284 3466 causae,
1339 3399 1602 3451 dictorum
1644 3399 1897 3449 nimirum
1938 3398 2162 3461 Christi3
2216 3398 2290 3448 ita

74 3489 133 3535 ut
170 3485 223 3536 vi
263 3484 559 3537 eorundem
601 3484 800 3536 Christi
841 3483 1122 3549 dictorum,
1165 3501 1302 3551 quae
1343 3482 1698 3533 immutabilia
1733 3485 1968 3545 manent,
2010 3498 2289 3548 quousque

76 3566 233 3618 durat
271 3572 453 3636 petra,
504 3584 666 3636 supra
707 3585 868 3635 quam
911 3565 1154 3618 Christus
1194 3583 1344 3616 suam
1385 3565 1633 3617 fundavit
1671 3564 2000 3628 Ecclesiam,
2042 3564 2289 3614 immuta-

77 3648 255 3702 biliter
293 3651 348 3701 in
388 3650 528 3702 Sede
568 3650 885 3719 Apostolica
936 3650 1117 3701 divino
1169 3649 1286 3700 iure
1337 3649 1685 3700 immaculata
1738 3652 1982 3698 servetur
2022 3644 2288 3697 catholica

77 3733 265 3801 religio
307 3739 360 3785 et
398 3739 583 3784 sancta
622 3733 928 3785 celebretur
968 3732 1229 3784 doctrina.

225 3816 423 3881 „Porro
463 3816 772 3868 excluditur
798 3822 851 3868 et
878 3816 969 3866 illa
998 3815 1267 3884 exceptio,
1309 3832 1468 3883 quam
1506 3813 1723 3882 quidam
1765 3830 1833 3864 ex
1874 3813 2035 3864 variis
2064 3812 2288 3864 Patrum

81 3900 359 3950 sententiis
410 3899 477 3950 de
528 3898 718 3950 iisdem
770 3898 967 3950 Christi
1018 3898 1197 3949 verbis
1247 3902 1525 3965 repetunt,
1579 3913 1745 3964 quum
1799 3896 1942 3947 enim
1994 3896 2286 3964 explicatio
