2548 4290
182 135 213 185 6
1139 126 1483 179 Prolegomena.

180 278 327 350 quod
368 277 562 331 maiori
602 276 832 328 Patrum
885 281 1114 325 'numero
1166 270 1482 341 placuisset.
1562 267 1745 329 Quum
1799 267 1865 321 de
1921 268 2177 321 omnibus
2219 269 2452 323 alicuius

177 364 468 417 schematis
509 361 757 433 partibus
799 376 863 412 ea
903 358 1118 411 ratione
1159 354 1426 424 suffragia
1465 354 1577 406 lata
1619 359 1830 421 essent,
1875 354 1984 407 iam
2027 353 2094 408 de
2136 359 2251 408 toto
2294 356 2448 409 sche-

176 453 322 501 mate
367 447 680 501 examinato
707 444 1017 498 sententiae
1060 447 1217 495 erant
1255 438 1552 505 dicendae3
1596 444 1712 491 tum
1748 457 1879 492 vero
1922 459 2033 493 non
2075 441 2353 510 surgendo
2397 448 2451 495 et·

176 533 438 600 sedendo,
480 532 577 585 sed
617 536 876 584 oretenus
917 527 1101 581 verbis
1135 526 1393 593 „Placet“
1429 525 1519 577 vel
1565 523 1726 592 „Non
1767 525 2007 596 placet“,
2050 527 2126 579 ita
2166 533 2348 580 tamen
2393 518 2448 579 ut

177 619 342 671 etiam
382 619 575 670 liceret
603 615 941 686 respondere
977 613 1202 680 „Placet
1242 611 1399 663 iuxta
1428 609 1709 676 modum“,
1752 629 1848 663 seu
1887 610 2152 682 suffragio
2187 612 2447 680 „Placet“

175 704 378 756 addere
434 702 837 766 conditionem3
899 700 1213 769 quicunque
1266 701 1448 749 autem
1508 695 1880 748 conditionem
1938 696 2307 751 adiiciendam
2358 715 2451 750 ex-

175 789 507 856 istimabant,
551 805 670 841 earn
712 787 974 857 scriptam
1017 781 1374 835 Praesidibus
1413 781 1634 833 tradere
1677 780 1958 834 debebant
1983 781 2018 835 ¹.

325 874 478 935 Quae
521 872 742 944 quidem
782 888 1007 924 normae
1050 868 1179 921 inde
1222 886 1253 920 a
1294 867 1344 920 d.
1377 869 1462 921 2⁶2.
1488 866 1781 920 Februarii
1814 868 1972 933 1870,
2016 885 2123 938 quo
2167 868 2449 922 decretum

176 960 662 1031 promulgabatur,
705 961 955 1011 servatae
998 961 1142 1008 sunt.
1224 953 1649 1007 Constituebant
1689 957 1876 1005 autem
1916 953 2181 1025 Episcopi
2224 954 2454 1025 deputa-

173 1046 394 1099 tationis
425 1046 491 1099 de
520 1044 646 1112 fide,
688 1042 946 1096 Patribus
975 1059 1086 1094 non
1115 1040 1291 1093 solum
1321 1058 1444 1091 cum
1473 1039 1754 1092 schemate
1785 1038 2084 1093 reformato
2123 1041 2450 1095 relationem

175 1131 436 1201 scriptam
475 1130 724 1197 tradere,
776 1127 872 1181 sed
924 1128 1091 1180 etiam
1131 1126 1187 1177 in
1229 1126 1349 1196 ipsa
1392 1124 1843 1195 Congregatione
1897 1125 2175 1195 generali,
2233 1126 2290 1178 in
2344 1144 2453 1197 qua

177 1216 439 1269 discussio
490 1214 817 1286 incipiebat,
869 1213 1049 1284 ipsum
1104 1211 1327 1264 schema
1369 1211 1496 1264 viva
1546 1228 1681 1264 voce
1724 1229 2039 1282 proponere
2097 1217 2263 1283 atque
2306 1229 2451 1265 com-

175 1301 439 1354 mendare
461 1300 496 1369 2,
548 1299 694 1371 quod
746 1298 1068 1368 exemplum
1124 1296 1409 1367 deputatio
1463 1314 1563 1366 pro
1614 1295 1780 1349 rebus
1834 1296 2156 1368 disciplinae
2199 1297 2455 1351 ecclesia-

174 1386 343 1439 sticae
385 1390 572 1439 secuta
614 1389 696 1438 est
715 1382 751 1438 ³.

326 1471 472 1533 Quid
524 1470 802 1541 agendum
855 1469 953 1536 sit,
1011 1467 1053 1520 si
1107 1467 1227 1538 quis
1286 1466 1551 1536 suffragio
1609 1467 1869 1534 „Placet“
1928 1467 2300 1522 conditionem
2357 1467 2451 1520 ad-

174 1556 353 1624 iiciat,
395 1574 505 1608 non
547 1555 947 1608 determinatur
988 1553 1043 1604 in
1086 1551 1309 1605 decreto
1352 1551 1666 1622 pontificiO,
1709 1552 1785 1605 ita
1826 1557 1911 1620 ut,
1967 1571 2136 1624 quum
2177 1554 2233 1606 id
2275 1553 2451 1624 primo

175 1641 469 1708 accideret,
512 1641 706 1694 Patres
731 1639 981 1710 deputati
1022 1638 1220 1691 incerti
1262 1643 1463 1703 essent,
1508 1637 1639 1707 quid
1682 1637 1948 1692 facerent.
2005 1637 2168 1700 Quod
2209 1657 2351 1691 unus
2381 1656 2452 1691 ex

175 1727 242 1780 iis
269 1727 633 1797 proponebat,
675 1744 790 1778 rem
821 1725 1046 1778 Summo
1078 1723 1336 1776 Pontifici
1366 1722 1792 1793 relinquendam
1823 1742 1958 1790 esse,
2001 1742 2112 1777 non
2141 1723 2397 1795 placebat
2414 1723 2453 1773 st.

175 1811 370 1882 Itaque
424 1811 670 1882 deputati
723 1811 1123 1864 constituerunt
1180 1808 1425 1878 singulas
1480 1808 1824 1862 conditiones
1877 1810 2187 1882 propositas
2244 1810 2453 1864 exami-

177 1915 309 1950 nare
360 1902 523 1968 atque
576 1898 631 1949 in
674 1896 1121 1966 Congregatione
1173 1894 1424 1964 generali
1482 1894 1722 1962 referre,
1777 1896 1909 1966 quid
1953 1896 2237 1966 deputatio
2280 1895 2349 1949 de
2389 1897 2454 1949 iis

177 1983 431 2051 sentiret,
485 1983 717 2053 illasque
760 1981 1211 2048 emendationeS,
1264 1999 1399 2051 quas
1441 1980 1832 2052 approbandas
1874 1986 2153 2049 censeret,
2194 1982 2455 2036 Patribus

177 2068 593 2137 commendare,
652 2072 710 2120 ut
751 2068 854 2120 hae
896 2067 1175 2137 suffragiis
1215 2067 1448 2119 Patrum
1490 2066 1772 2120 subiectae
1813 2068 1902 2121 vel
1944 2068 2326 2140 reciperentur
2367 2068 2456 2122 vel

176 2154 595 2208 reiicerentur5.
674 2153 861 2225 Atque
911 2153 967 2205 id
1021 2152 1244 2224 quidem
1296 2153 1618 2207 rectissime.
1696 2154 1893 2224 Neque
1948 2154 2094 2208 enim
2151 2155 2454 2226 quidquam

176 2240 233 2292 in
266 2240 670 2294 Constitutione
712 2244 926 2292 mutare
969 2243 1226 2309 poterant
1257 2239 1523 2309 deputati,
1566 2239 1672 2292 nisi
1707 2240 1975 2310 probante
2007 2240 2456 2312 Congregatione

178 2326 441 2396 generali.
520 2326 628 2379 Eas
680 2326 847 2395 igitur
900 2325 1345 2392 emendationes,
1403 2343 1537 2395 quas
1578 2325 1927 2396 recipiendas
1971 2343 2089 2380 esse
2133 2327 2455 2393 censebant,

179 2411 456 2481 suffragiis
499 2411 960 2482 Congregationis
1002 2411 1275 2464 subiicere
1319 2410 1616 2464 debebant.
1674 2411 1823 2473 Quas
1865 2430 1994 2465 vero
2038 2412 2456 2467 emendationes

178 2497 524 2568 recipiendas
565 2515 682 2550 esse
710 2497 1007 2568 negabant,
1050 2497 1117 2550 de
1148 2497 1231 2549 his
1259 2497 1522 2567 suffragia
1551 2497 1900 2568 exquirenda
1926 2515 2038 2551 non
2067 2504 2242 2565 erant,
2286 2517 2456 2569 quum

182 2582 249 2635 de
290 2586 466 2650 textu,
507 2588 567 2635 ut
608 2583 807 2651 fuerat,
848 2582 1114 2653 suffragia
1152 2583 1265 2635 lata
1305 2583 1413 2634 iam
1456 2587 1655 2649 essent,
1695 2582 1905 2653 illique,
1948 2584 2039 2654 qui
2081 2583 2455 2638 conditionem

181 2667 484 2735 adiecerat,
535 2668 769 2722 liberum
808 2669 1244 2740 relinqueretur,
1302 2673 1485 2720 utrum
1538 2669 1593 2721 in
1636 2668 1893 2721 Sessione
1949 2668 2174 2739 publica
2226 2676 2457 2742 propter

182 2753 581 2806 emendationis
611 2772 642 2806 a
669 2772 726 2807 se
754 2754 1070 2825 propositae
1099 2754 1457 2807 reiectionem
1480 2754 1808 2824 suffragium
1833 2754 1990 2822 „Non
2016 2755 2231 2826 placet“
2265 2756 2459 2811 ederet

185 2944 386 2993 collatis
425 2946 648 2994 consiliis
688 2948 908 2995 obtineri
947 2963 1230 2997 consensus
1268 2949 1472 2997 facilius
1510 2955 1701 3011 posset.
1765 2949 2115 2998 Postulationi
2151 2949 2272 2997 huic
2309 2950 2464 2997 Prae-

184 3020 319 3070 sides
356 3027 678 3085 annuerunt,
721 3029 772 3072 et
808 3041 899 3088 per
936 3025 1384 3075 Subsecretarium
1423 3027 1726 3076 indixerunt
1764 3027 2154 3089 suspensionem
2193 3026 2465 3088 suffragio-

184 3115 299 3147 rum
338 3100 474 3148 circa
509 3101 802 3151 huiusmodi
839 3105 1262 3166 propositionem,
1306 3109 1357 3153 et
1396 3105 1728 3153 declararunt
1765 3111 1938 3153 actum
1975 3105 2175 3153 ferendi
2213 3105 2463 3167 suffragia

183 3177 236 3224 in
274 3178 511 3240 sequenti
549 3178 628 3226 die
664 3179 957 3229 habendum
997 3197 1125 3230 esse.

332 3254 616 3318 Hucusque
654 3261 787 3305 acta.
858 3258 994 3306 Huic
1030 3260 1183 3308 modo
1222 3260 1472 3324 suffragia
1503 3261 1704 3310 ferendi
1741 3261 1868 3308 nihil
1906 3276 2030 3309 sane
2071 3260 2264 3321 deerat,
2305 3262 2460 3323 quod,

186 3335 244 3380 ut
295 3335 434 3380 recte
487 3336 538 3381 et
590 3349 702 3380 cum
759 3335 1219 3398 circumspectione
1277 3338 1573 3399 ferrentur,
1635 3339 2019 3402 requirebatur.
2100 3337 2286 3402 Neque
2346 3353 2463 3400 pro-

185 3409 338 3470 fecto,
379 3409 420 3456 si
457 3410 519 3457 de
557 3411 771 3473 singulis
807 3412 908 3460 illis
935 3415 1194 3462 sexcentis
1233 3416 1683 3464 emendationibus
1721 3432 1782 3464 ea
1809 3415 2135 3464 solemnitate
2173 3417 2463 3465 sententiae

186 3487 449 3549 rogandae
485 3487 729 3550 fuissent,
782 3505 883 3552 qua
920 3491 981 3539 de
1018 3492 1233 3555 integris
1272 3493 1746 3542 Constitutionibus
1784 3494 2135 3556 rogabantur,
2176 3493 2461 3543 Concilium

190 3564 470 3627 quidquam
505 3566 821 3629 perfecisset.
893 3570 1003 3617 Imo
1041 3570 1151 3619 fieri
1186 3587 1291 3619 non
1327 3573 1525 3634 potuit,
1563 3573 1706 3620 utin
1744 3571 1960 3634 singulis
1999 3572 2463 3635 suffragationibus

188 3645 392 3690 tantum
439 3644 686 3706 temporis
723 3651 1142 3709 consumeretur,
1198 3654 1448 3713 quantum
1497 3650 1548 3697 in
1595 3651 1714 3710 hac,
1766 3666 1921 3713 quam
1971 3651 2242 3699 attulimus
2291 3667 2462 3700 exem-

191 3719 351 3781 plum,
390 3724 807 3772 consumebatur.
990 3724 1005 3751 1
1045 3723 1123 3773 Of.
1158 3725 1212 3774 O.
1249 3728 1312 3776 V.
1352 3730 1458 3776 673.
1496 3744 1608 3792 sqq.

340 3794 356 3821 ²
394 3796 526 3846 Ibid.
601 3800 787 3848 1651a.
852 3799 935 3868 Cf.
974 3802 1084 3849 scd
1121 3818 1231 3866 sqq.
1268 3805 1426 3854 73od.
1463 3805 1606 3853 290d
1643 3821 1755 3869 sqq.
1796 3806 1889 3852 743
1908 3806 1955 3855 b.

339 3872 355 3899 3
394 3872 471 3922 Cf.
507 3875 628 3924 ibid.
670 3879 823 3926 764a.
863 3880 1013 3928 7400.
1053 3882 1145 3927 743
1163 3896 1207 3928 a.
1390 3881 1410 3909 ⁴
1447 3883 1579 3932 Ibid.
1622 3884 1746 3930 1675
1763 3882 1811 3932 d.

340 3949 355 3976 ⁵
394 3950 525 3999 Ibid.
567 3953 749 4002 16750.
790 3956 915 4002 1702
932 3971 972 4004 c.
1023 3955 1100 4004 Of.
1138 3957 1260 4007 ibid.
1298 3960 1434 4007 2320
1471 3975 1582 4022 sqq.
1621 3961 1715 4007 739
1733 3960 1779 4009 d.
1818 3961 1960 4009 460a
1997 3976 2108 4023 sqq.
