2548 4290
205 74 309 126 192
371 74 485 116 Pars
517 74 576 115 11.
636 72 792 115 Const.
828 72 882 113 de
915 73 1040 114 Eccl.
1105 71 1217 126 Cap.
1251 72 1309 113 II.
1370 71 1789 115 Commentationes
1824 71 1880 114 de
1912 73 2147 126 aliquibus
2180 74 2309 116 locis.

198 221 454 292 logorum
495 219 750 272 adhiberi
790 236 986 272 vocem
1028 218 1273 285 tenendi,
1317 236 1483 288 quam
1527 218 1840 272 Concilium
1881 220 2163 291 sapienter
2204 236 2335 273 sane
2378 220 2488 275 616-
2539 205 2542 208 ⁴

199 305 361 375 gerit,
405 303 474 356 ad
516 303 940 373 significandam
979 302 1145 356 fidem
1187 309 1300 355 tam
1341 302 1774 357 ecclesiasticam
1818 322 1981 375 quam
2025 304 2288 357 divinam.
2345 303 2487 358 Con·
2539 307 2542 310 ⁴

199 389 533 442 cludendum
562 389 731 458 igitur
762 406 898 453 esse,
931 387 1240 441 Concilium
1262 387 1490 441 Summo
1513 388 1770 442 Pontifici
1800 389 2255 443 infallibilitatem
2285 388 2488 443 adscri-
2540 411 2546 414 ·

199 474 330 527 bere
371 492 482 526 non
512 474 707 542 solum,
751 492 919 545 quum
954 474 997 526 is
1026 474 1292 527 veritates
1332 474 1608 527 revelatas
1649 492 1746 527 seu
1786 475 1892 529 fide
1937 475 2124 528 divina
2165 474 2487 547 credendae,
2540 484 2548 490 ⁵

201 559 297 612 sed
338 559 524 625 etiam,
566 577 734 629 quum
775 559 1042 611 veritates
1082 559 1190 611 fide
1235 559 1613 612 ecclesiastica
1641 559 2015 613 admittendas
2042 560 2329 613 definitiva
2368 577 2487 613 sen·
2543 576 2545 578 ’

199 645 374 697 tentia
402 650 692 715 proponat.
740 645 863 698 Hac
893 650 1079 697 autem
1108 645 1234 711 fide,
1277 644 1334 697 id
1376 651 1458 698 est
1496 646 1675 699 saltem
1704 645 1808 699 hac
1846 646 1973 713 fide,
2017 646 2294 700 communi
2333 644 2493 701 theo-.

199 730 454 800 logorum
497 747 771 783 consensu
814 729 1187 783 admittendas
1231 747 1350 784 esse
1394 748 1487 784 eas
1516 731 1799 799 veritateS,
1842 750 1984 802 quae
2012 733 2166 803 ipsae
2207 731 2489 784 revelatae

197 834 308 869 non
349 815 473 880 sint,
518 815 614 868 sed
655 834 779 868 cum
819 816 1080 868 revelatis
1122 833 1410 869 connexae
1452 822 1618 887 atque
1662 817 1731 869 ab
1768 818 2139 871 ecclesiastico
2168 815 2486 886 magisterio
2538 825 2547 830 ”

200 902 534 971 propositae.

348 990 432 1043 Eo
490 990 666 1061 magis
708 989 952 1043 Andries
1011 991 1296 1044 decretum
1337 992 1415 1044 ita
1468 990 1865 1062 explicandum
1924 1009 2041 1044 esse
2096 996 2282 1061 putat,
2339 988 2487 1061 quod

203 1075 513 1129 Concilium
555 1075 894 1128 Vaticanum
936 1077 991 1128 in
1037 1076 1447 1130 Constitutione
1491 1076 1559 1130 (16
1600 1077 1709 1130 fide
1750 1077 2070 1147 magisterio
2112 1075 2515 1130 ecclesiastico

198 1162 281 1214 ius
323 1167 378 1215 et
420 1161 663 1214 officium
708 1162 916 1215 tribuat
964 1162 1121 1230 „falsi
1174 1163 1412 1215 nominis
1465 1164 1756 1216 scientiam
1798 1162 2211 1234 proscribendi“
2239 1161 2274 1215 ¹.
2355 1160 2489 1216 Sen-

200 1248 429 1300 tentiam
472 1247 541 1300 ab
582 1246 836 1301 Ecclesia
878 1248 945 1301 de
990 1248 1129 1300 falsa
1181 1250 1414 1301 scientia
1454 1249 1623 1302 latam
1676 1266 1796 1302 esse
1856 1249 2189 1302 sententiam
2231 1248 2299 1302 de
2341 1246 2489 1301 facto

200 1333 512 1404 dogmatico
554 1352 650 1386 6611
694 1333 761 1386 (16
806 1333 1059 1386 doctrina
1102 1334 1416 1406 depositum
1458 1335 1587 1388 fidei
1629 1336 1964 1406 respiciente
1988 1334 2025 1389 ².

351 1418 463 1472 Sed
505 1425 717 1473 certum
761 1428 859 1488 est,
903 1420 1213 1473 Concilium
1257 1421 1498 1474 noluisse
1543 1421 1792 1487 definire,
1836 1421 2124 1475 Summum
2158 1420 2488 1474 Pontificem

200 1504 551 1558 infallibilem
608 1524 726 1558 esse
780 1506 836 1558 in
891 1506 956 1558 iis
1007 1507 1334 1559 veritatibus
1377 1506 1791 1579 proponendis,
1846 1526 1987 1578 quae
2039 1507 2321 1560 revelatae
2375 1522 2486 1558 nou

200 1597 343 1656 sunt,
387 1591 483 1645 sed
527 1592 842 1663 depositum
885 1592 1015 1645 fidei
1057 1593 1236 1646 solum
1279 1594 1612 1664 respiciunt3
1657 1593 1712 1646 id
1755 1594 1902 1664 quod
1943 1595 2051 1646 iam
2095 1611 2166 1646 ex
2207 1593 2340 1663 ipsis
2367 1609 2487 1645 ver-

199 1677 282 1730 bis
324 1677 562 1744 decreti,
619 1678 792 1731 multo
847 1679 1023 1748 magis
1076 1686 1263 1731 autem
1306 1686 1361 1732 et
1413 1680 1578 1750 plane
1635 1679 1925 1733 evidenter
1979 1698 2050 1732 ex
2102 1679 2219 1732 eius
2262 1678 2489 1731 historia

197 1768 369 1834 patet.
425 1763 490 1815 In
534 1764 689 1816 nulla
731 1770 888 1834 parte
933 1765 1139 1817 decreti
1184 1765 1477 1818 formanda
1516 1765 1640 1835 111116
1682 1765 1889 1818 16110116
1929 1766 2170 1836 positum
2199 1769 2282 1818 est
2323 1781 2487 1835 quam

198 1851 254 1902 111
297 1867 379 1912 66,
424 1868 529 1920 qua
572 1850 640 1903 de
684 1850 902 1904 obiecto
945 1851 1359 1904 infallibilitatis
1402 1853 1602 1923 agitur.
1659 1851 1814 1913 Quae
1858 1852 1925 1905 de
1970 1851 2071 1904 hac
2101 1856 2258 1923 parte
2301 1850 2487 1921 dispu-

199 1939 315 1987 tata
357 1944 501 1999 sunt,
544 1937 856 1989 accuratius
899 1936 1357 2008 persequemur-³.

350 2025 415 2077 In
459 2026 637 2096 primo
679 2026 957 2080 schemate
1001 2026 1068 2080 de
1111 2027 1510 2080 infallibilitate
1554 2027 1852 2099 pontificia,
1899 2044 1972 2080 sc.
2002 2027 2058 2079 in
2088 2026 2288 2097 capite,
2332 2025 2482 2096 quod

203 2112 368 2181 capiti
425 2110 718 2165 undecimo
777 2112 1073 2166 schematis
1131 2113 1198 2166 de
1239 2113 1494 2166 Ecclesia
1547 2113 1867 2166 addendum
1909 2113 2168 2167 Patribus
2209 2128 2484 2182 propone-

200 2196 363 2249 batur
384 2196 419 2257 4,
475 2197 647 2249 verba
699 2197 1037 2251 definitionis
1091 2205 1249 2251 erant
1291 2199 1464 2252 haec:
1525 2242 1569 2265 „.
1615 2240 1625 2251 .
1669 2242 1680 2253 .
1726 2198 2047 2264 definimuS,
2102 2216 2201 2268 per
2243 2197 2487 2250 divinam

201 2283 571 2336 assistentiam
627 2284 775 2351 fieri,
830 2291 890 2337 ut
930 2284 1217 2338 Romanus
1259 2285 1559 2352 Pontifex,
1615 2285 1702 2337 cui
1753 2286 1806 2337 in
1863 2304 2102 2357 persona
2143 2283 2291 2337 beati
2332 2283 2486 2335 Petri

202 2369 410 2421 dictum
455 2374 537 2422 est
587 2369 655 2422 ab
699 2370 896 2423 eodem
938 2370 1180 2424 Domino
1223 2370 1427 2424 Nostro
1469 2370 1598 2424 Iesu
1642 2370 1889 2423 Christo:
1947 2370 2087 2440 ,Ego
2140 2387 2240 2441 pro
2294 2374 2347 2421 te
2400 2385 2486 2420 ro·-

201 2454 357 2525 gavi,
412 2460 472 2507 ut
513 2472 623 2507 11011
667 2454 888 2508 deficiat
929 2456 1065 2509 fides
1117 2458 1246 2522 tua‘,
1301 2474 1425 2508 cum
1477 2456 1719 2528 supremi
1762 2457 2007 2509 omnium
2061 2455 2475 2508 christianorum

203 2539 442 2593 doctoris
483 2559 713 2594 munere
757 2541 997 2612 fungens
1039 2561 1139 2613 pro
1182 2543 1514 2596 auctoritate
1559 2543 1765 2610 definit,
1809 2542 1941 2614 quid
1981 2543 2038 2595 in
2080 2541 2246 2595 rebus
2274 2539 2403 2593 fidei
2432 2553 2477 2593 6(

201 2643 415 2678 1110111111
458 2626 527 2678 611
566 2627 825 2680 universa
858 2627 1110 2681 Ecclesia
1151 2627 1456 2681 tenendum
1498 2629 1584 2694 sit,
1629 2646 1815 2681 errare
1858 2647 1968 2681 non
2009 2628 2208 2699 possit;
2251 2631 2307 2679 et
2346 2626 2478 2678 han(

200 2711 440 2765 Romani
470 2713 755 2767 Pontificis
796 2714 1134 2767 inerrantiae
1169 2733 1266 2768 seu
1294 2714 1706 2768 infallibilitatis
1736 2714 2184 2786 praerogativam
2226 2711 2297 2765 ad
2337 2710 2481 2763 idem

202 2797 479 2851 obiectum
522 2799 748 2869 porrigi,
792 2799 862 2851 ad
905 2800 1053 2870 quod
1095 2800 1464 2854 infallibilitas
1505 2799 1793 2853 Ecclesiae
1836 2797 2253 2853 extenditur.“⁵

350 2887 416 2939 In
470 2887 949 2942 observationibus
1007 2909 1038 2943 a
1078 2890 1341 2943 Patribus
1399 2891 1466 2943 de
1518 2889 1622 2943 hoc
1666 2890 1845 2962 capite
1887 2890 2161 2960 scriptura
2219 2882 2483 2940 traditis⁶

201 2973 780 3041 animadvertebatur,
836 2975 1270 3047 descriptionem
1326 2976 1529 3030 obiecti
1586 2976 2001 3029 infallibilitatis
2056 2974 2388 3043 indefinitam
2430 2976 2485 3025 et

206 3077 387 3129 &aqam
430 3077 566 3112 esse.
618 3060 988 3131 Respondent
1029 3062 1227 3115 Patres
1271 3062 1647 3133 deputationis
1692 3062 1759 3115 de
1800 3062 1932 3115 fide:
1980 3060 2197 3129 „Quum
2237 3059 2294 3111 111
2333 3057 2485 3111 66116-

201 3151 348 3198 mate
393 3163 657 3215 expresse
701 3146 946 3214 dicatur,
1009 3148 1287 3201 obiectum
1344 3149 1482 3201 illud
1540 3166 1658 3201 esse
1711 3147 1962 3201 eiusdem
2015 3146 2238 3200 omnino
2293 3148 2486 3197 exten-

202 3231 398 3295 sionis,
457 3233 611 3284 cuius
654 3237 736 3285 est
776 3233 1017 3287 ambitus
1058 3234 1472 3287 infallibilitatis
1512 3234 1791 3300 Ecclesiae,
1832 3252 1931 3303 per
1972 3232 2114 3285 hanc
2156 3229 2482 3284 declaratio-

202 3335 329 3369 nem
370 3318 649 3387 generalis
705 3319 1029 3389 propositio,
1081 3320 1233 3391 ,quid
1285 3321 1342 3373 in
1382 3321 1547 3373 rebus
1588 3319 1719 3373 fidei
1767 3324 1822 3373 et
1873 3336 2088 3372 morum
2132 3359 2141 3369 .
2185 3359 2195 3369 .
2236 3359 2246 3370 .
2289 3321 2484 3369 tenen-

352 3524 366 3552 ¹
405 3525 469 3575 V.
507 3533 749 3589 supra·p.
787 3527 866 3575 91.
1052 3525 1067 3553 ²
1104 3526 1162 3575 L.
1202 3541 1243 3575 c.
1282 3542 1330 3589 p.
1370 3527 1479 3574 205.

352 3602 367 3630 ³
407 3603 485 3652 Cf.
522 3608 754 3652 nostram
793 3605 855 3653 de
894 3619 954 3651 ea
994 3620 1050 3652 re
1089 3605 1604 3652 commentationem:
1643 3603 1748 3651 Der
1773 3602 2002 3665 Umfang
2038 3602 2130 3651 der
2155 3600 2479 3665 papstlichen

203 3680 603 3731 Unfehlbarkeit
639 3682 772 3730 nach
815 3682 929 3729 dem
966 3681 1316 3730 Lehrdecrete
1370 3682 1459 3730 des
1496 3680 1900 3730 Vaticanischen
1938 3679 2160 3729 Concils,
2232 3679 2481 3727 Stimmen

203 3774 295 3806 aus
332 3760 697 3808 Maria-Laaeh
734 3759 1045 3821 XXXVIII,
1083 3776 1131 3823 p.
1171 3762 1233 3808 49
1272 3776 1383 3824 sqq.
1426 3762 1517 3808 162
1557 3775 1668 3823 sqq.

351 3835 371 3862 ⁴
408 3836 487 3885 Cf.
526 3854 683 3900 supra
720 3854 831 3901 cap.
869 3838 911 3886 I.
949 3838 1185 3885 Historia
1223 3841 1320 3887 etc.
1357 3854 1406 3901 p.
1448 3838 1558 3887 107.
1746 3835 1760 3862 ⁵
1800 3836 1855 3885 C.
1893 3836 1953 3884 V.
1995 3838 2086 3884 641
2105 3852 2150 3884 a.
2177 3837 2225 3886 b.

355 3913 370 3941 ⁶
409 3913 487 3963 Cf.
522 3931 679 3978 supra
715 3932 825 3979 cap.
863 3917 906 3963 I.
942 3915 1178 3964 Historia
1214 3921 1311 3965 etc.
1349 3932 1397 3978 p.
1441 3917 1550 3964 107.
