2548 4290
196 176 267 227 22
691 174 803 214 Pars
835 172 871 212 Ι.
930 170 1085 213 Const.
1121 169 1175 210 de
1207 168 1309 211 fide.
1375 167 1485 221 Cap.
1518 166 1554 209 Ι.
1610 166 1726 207 Eius
1758 166 1967 208 historia.

193 320 351 391 ponit
391 319 718 373 Vincentius
761 316 992 383 Gasser,
1043 315 1353 386 Episcopus
1393 313 1771 380 Brixinensis,
1826 312 2202 383 deputationis
2243 312 2468 382 relator,

195 422 259 458 ac
301 404 368 458 de
420 404 648 474 singulis
701 402 954 456 feruntur
1006 401 1274 470 suffragia
1297 399 1330 451 ¹.
1413 398 1595 470 Caput
1647 416 1773 451 cum
1815 396 2121 451 canonibus
2162 397 2469 451 secundum

194 489 459 559 suffragia
485 489 716 542 Patrum
757 484 1154 541 emendatum²
1193 486 1251 537 in
1290 484 1571 537 tricesima
1610 484 1778 536 tertia
1818 484 2062 537 sessione
2093 482 2470 554 deputationis

194 572 571 645 praelectum3
596 574 653 625 in
682 572 1108 644 quadragesima
1136 571 1313 624 altera
1343 569 1798 640 Congregatione
1827 570 2080 640 generali
2109 569 2254 622 inter
2272 569 2471 623 Patres

195 657 579 712 distribuiturl*
619 663 674 711 et
713 658 771 710 in
812 657 1238 728 quadragesima
1279 660 1476 726 quarta
1515 653 1794 725 suffragiis
1834 655 2145 708 subiectum
2186 654 2255 707 ab
2298 655 2472 708 omni-

193 744 295 796 bus
335 743 595 796 Patribus
637 742 977 814 approbatur
993 741 1030 794 5.
1086 740 1282 802 Quoad
1324 740 1510 792 stilum
1553 757 1585 793 a
1627 738 2027 811 deputatione⁶
2068 738 2472 793 reformatum⁷

194 845 318 881 cum
371 829 567 882 ceteris
609 827 1031 881 Constitutionis
1083 826 1333 897 partibus
1386 825 1444 878 in
1501 824 1929 896 quadragesima
1981 825 2172 896 quinta
2226 825 2471 896 Congre-

193 913 417 983 gatione
458 913 707 983 generali
748 912 1027 983 suffragiis
1068 910 1356 964 subiicitur
1380 909 1417 963 8.

342 1006 625 1060 Discussio
682 1006 939 1077 specialis
997 1005 1191 1074 capitis
1243 1004 1395 1057 tertii
1448 1004 1679 1075 eiusque
1734 1022 2008 1057 canonum
2060 1004 2252 1058 habita
2292 1009 2376 1059 est
2415 1005 2465 1057 in

194 1090 639 1163 Oongregatione
670 1092 919 1163 generali
947 1092 1226 1144 tricesima
1267 1091 1503 1161 septima
1544 1096 1600 1144 et
1641 1094 1839 1143 octava
1859 1089 1894 1143 ⁹.
1960 1090 2399 1144 Emendationes
2441 1108 2467 1144 a

192 1176 453 1229 Patribus
479 1177 796 1248 propositae
817 1175 858 1208 10
894 1177 1038 1229 inter
1066 1176 1264 1229 Patres
1293 1175 1343 1230 d.
1381 1178 1431 1229 2.
1463 1175 1672 1245 Aprilis
1702 1174 2180 1229 distribuebantur
2202 1174 2263 1229 11.
2315 1176 2469 1229 Post-

195 1279 359 1332 quam
401 1261 468 1315 de
510 1263 574 1315 iis
614 1262 671 1314 in
714 1262 956 1332 quinque
986 1261 1321 1315 sessionibus
1349 1260 1726 1332 deputationis
1755 1266 1937 1315 actum
1980 1266 2063 1314 est
2080 1260 2140 1329 1²,
2184 1260 2471 1315 Conradus

192 1345 415 1414 Martin,
457 1347 766 1418 Episcopus
795 1346 1292 1415 Paderbornensis,
1335 1347 1560 1399 nomine
1605 1346 1982 1417 deputationis
2026 1346 2094 1400 de
2135 1347 2201 1399 iis
2242 1347 2298 1399 in
2334 1346 2473 1400 Con-

194 1432 521 1502 gregatione
563 1433 812 1502 generali
855 1432 1279 1503 quadragesima
1329 1432 1605 1500 secunda,
1658 1434 1852 1500 tertia,
1905 1438 2104 1504 quarta
2144 1432 2474 1486 relationem

191 1515 401 1585 habuit,
440 1536 503 1572 ac
532 1518 599 1571 de
629 1518 859 1588 singulis
887 1519 943 1570 in
971 1518 1168 1572 iisdem
1200 1518 1743 1588 Congregationibus
1771 1518 2098 1572 ferebantur
2127 1517 2473 1589 suffragiaffl.

343 1611 523 1682 Supra
544 1610 588 1644 1⁴
627 1613 933 1680 retulimuS,
976 1612 1241 1666 schemati
1269 1612 1570 1666 reformato
1598 1630 1630 1665 a
1658 1611 2021 1683 deputatione
2058 1610 2474 1684 paragraphum

195 1697 469 1751 adiectam
512 1717 659 1765 esse,
714 1717 822 1770 qua
874 1704 1136 1768 ageretur
1178 1699 1246 1752 de
1288 1699 1470 1752 officio
1516 1699 1682 1752 etiam
1726 1717 1791 1752 ea
1832 1698 2125 1767 credendi,
2187 1716 2362 1770 „quae
2404 1698 2475 1751 ab

194 1782 446 1836 Ecclesia
485 1784 600 1837 sive
642 1785 859 1837 iudiciis
902 1784 1254 1854 dogmaticiS,
1301 1785 1416 1838 sive
1459 1784 1742 1838 ordinaria
1782 1789 1837 1838 et
1877 1784 2180 1838 universali
2222 1783 2476 1837 doctrina

196 1873 251 1921 et
292 1869 706 1939 praedicatione
735 1875 1017 1940 tamquam
1046 1870 1102 1922 in
1133 1870 1303 1923 verbo
1333 1869 1442 1923 Dei
1468 1870 1674 1941 scripto
1705 1870 1795 1923 vel
1823 1869 2028 1923 tradito
2059 1874 2322 1923 contenta
2350 1887 2475 1940 pro-

195 1955 508 2024 ponuntur“
535 1954 596 2008 15.
650 1955 1012 2009 Inserebatur
1053 1955 1189 2009 haec
1219 1956 1605 2028 paragraphus
1633 1956 1780 2009 inter
1809 1955 2225 2027 paragraphum
2252 1955 2476 2008 tertiam

195 2044 250 2091 et
291 2045 559 2110 quartam,
604 2047 832 2112 eratque
873 2042 929 2094 in
970 2041 1253 2095 schemate
1284 2042 1544 2095 Patribus
1573 2043 1858 2113 proposito
1901 2042 2066 2096 haec:
2115 2041 2325 2109 „Porro
2366 2040 2476 2094 fide

196 2124 384 2178 divina
424 2132 479 2179 et
519 2127 792 2180 catholica
833 2144 899 2180 ea
928 2129 1114 2181 omnia
1155 2127 1435 2181 credenda
1474 2134 1617 2197 sunt,
1662 2146 1804 2199 quae
1845 2129 1903 2181 in
1933 2128 2103 2182 verbo
2133 2127 2242 2181 Dei
2270 2126 2476 2197 scripto

195 2210 285 2263 vel
325 2211 527 2264 tradito
570 2213 924 2266 continentur
965 2218 1019 2266 et
1069 2213 1138 2266 ab
1180 2213 1435 2266 Ecclesia
1474 2214 1590 2267 sive
1632 2214 1867 2267 solemni
1920 2213 2126 2266 iudicio
2174 2213 2290 2266 sive
2333 2211 2477 2266 ordi·

195 2296 351 2349 nario
391 2298 693 2351 ministerio
737 2297 1017 2352 credenda
1056 2299 1495 2370 proponuntur.“
1524 2298 1567 2332 1⁶
1645 2298 2113 2353 Animadversum
2166 2302 2353 2352 autem
2395 2301 2480 2351 est

196 2382 254 2434 in
297 2382 745 2454 Congregatione
787 2385 1054 2455 generali,
1097 2403 1208 2438 non
1249 2385 1394 2438 bene
1436 2385 1584 2439 necti
1624 2385 1771 2438 inter
1813 2403 1870 2438 se
1913 2384 2237 2438 sententias.
2304 2383 2476 2454 Sequi

197 2467 379 2520 statim
406 2486 416 2519 :
466 2468 655 2536 „Haec
696 2469 793 2522 illa
834 2474 915 2522 est
942 2469 1096 2538 fides,
1138 2470 1257 2523 sine
1289 2488 1397 2541 qua
1424 2470 1768 2542 impossibile
1799 2475 1881 2523 est
1909 2470 2131 2541 placere
2161 2469 2286 2523 Deo
2317 2470 2476 2537 etc.“,

195 2553 273 2606 ita
299 2557 361 2606 ut
387 2554 613 2607 tollatur
639 2556 749 2607 iam
778 2555 1072 2609 discrimen
1101 2556 1246 2610 inter
1274 2574 1357 2624 ea,
1388 2574 1530 2627 quae
1559 2557 1891 2610 necessitate
1920 2555 2108 2623 medii,
2139 2561 2194 2608 et
2223 2572 2305 2623 ea,
2334 2572 2477 2626 quae

196 2640 525 2693 necessitate
569 2641 851 2712 praecepti
893 2641 1175 2696 credenda
1224 2642 1333 2695 sint
1356 2641 1413 2696 ¹⁷.
1494 2642 1562 2695 Id
1603 2643 1829 2714 quidem
1882 2646 2049 2695 recte.
2129 2641 2279 2695 Ante
2321 2639 2479 2694 addi·

196 2728 309 2776 tam
364 2742 564 2778 novam
617 2726 1032 2797 paragraphum
1087 2732 1341 2798 quartam
1394 2729 1674 2782 sententia
1736 2728 1833 2780 illa
1898 2726 2254 2781 antecedenti
2316 2743 2477 2797 para-

197 2809 410 2880 grapho
467 2811 666 2864 tertiae
723 2811 865 2864 bene
918 2811 1397 2884 subiungebatur3
1464 2819 1588 2883 post
1643 2831 1845 2867 novam
1905 2812 2153 2866 additam
2209 2810 2478 2864 mutanda

200 2900 316 2948 erat
377 2900 431 2949 et
486 2895 765 2968 Episcopo
808 2897 1014 2950 Martin
1066 2905 1415 2970 proponente
1440 2898 1481 2930 18
1531 2901 1587 2952 in
1640 2899 2070 2970 quadragesima
2123 2898 2290 2951 tertia
2333 2895 2476 2950 Con-

199 2981 525 3051 gregatione
567 2983 819 3052 generali
860 2983 1185 3037 mutatur19.

351 3201 366 3229 1
403 3203 606 3253 Relatio
644 3209 742 3256 etc.
813 3206 869 3256 Ο.
908 3208 972 3255 V.
1015 3209 1152 3257 127a
1190 3225 1302 3273 sqq.
1374 3209 1511 3258 Acta
1548 3212 1645 3258 etc.
1718 3208 1773 3258 Ο.
1811 3209 1874 3258 V.
1915 3210 2006 3256 737
2023 3224 2067 3257 a.
2094 3209 2142 3257 b.

350 3279 366 3307 ²
406 3280 462 3330 Ο.
499 3282 562 3331 V.
602 3283 741 3332 153d
781 3301 890 3348 sqq.
1079 3286 1093 3313 3
1131 3287 1212 3334 Ex
1248 3287 1378 3336 actis
1418 3291 1515 3337 etc.
1588 3286 1643 3336 Ο.
1681 3287 1745 3336 V.
1788 3287 1975 3336 1674b.

346 3357 365 3384 1
399 3358 538 3408 Acta
574 3364 670 3409 etc.
742 3360 798 3411 Ο.
834 3363 896 3411 V.
937 3365 1094 3413 7381).
1278 3364 1294 3391 ⁵
1332 3366 1464 3416 Ibid.
1505 3366 1558 3415 Ο.
1599 3365 1663 3414 V.
1704 3367 1798 3413 738
1816 3381 1858 3413 c.

350 3433 366 3463 ⁶
402 3436 482 3483 Ex
521 3438 649 3486 actis
688 3442 784 3487 etc.
855 3439 911 3489 Ο.
949 3440 1011 3489 V.
1054 3444 1179 3489 1674
1197 3442 1242 3491 d.
1427 3445 1442 3471 ⁷
1482 3443 1538 3492 Ο.
1576 3443 1638 3492 V.
1678 3445 1772 3491 217
1790 3444 1838 3491 b.

351 3511 368 3539 s
404 3513 539 3563 Acta
576 3519 672 3563 etc.
746 3515 801 3566 Ο.
838 3517 902 3566 V.
941 3520 1033 3567 739
1050 3534 1095 3568 a.
1280 3518 1297 3548 ⁹
1333 3521 1470 3570 Acta
1509 3525 1607 3570 etc.
1681 3520 1737 3570 Ο.
1774 3521 1837 3569 V.
1878 3521 2020 3569 735d
2060 3537 2169 3585 sqq.

328 3588 366 3617 ¹⁰
404 3589 460 3640 Ο.
497 3592 560 3641 V.
603 3593 741 3643 1551)
780 3610 892 3658 sqq.
1076 3596 1113 3623 11
1151 3597 1287 3646 Acta
1325 3602 1422 3647 etc.
1496 3598 1553 3648 Ο.
1590 3598 1652 3646 V.
1694 3600 1787 3647 736
1805 3598 1853 3647 d.

330 3666 367 3694 1²
406 3668 486 3717 Ex
523 3671 652 3718 actis
692 3675 787 3720 etc.
861 3672 916 3722 Ο.
953 3673 1016 3723 V.
1058 3675 1236 3723 1672d
1274 3691 1386 3739 sqq.

329 3743 367 3771 13
403 3745 538 3794 Acta
576 3751 673 3796 etc.
745 3748 801 3798 Ο.
838 3749 902 3798 V.
941 3751 1080 3800 738b
1121 3767 1229 3815 sqq.
1301 3753 1504 3802 Relatio
1544 3757 1641 3802 etc.
1714 3751 1770 3801 Ο.
1806 3751 1869 3801 V.
1913 3755 2047 3802 165c
2086 3770 2194 3818 sqq.

328 3820 367 3848 ¹4
401 3821 457 3869 P.
492 3825 565 3873 16.
705 3825 744 3852 15
781 3826 863 3874 Ex
900 3827 1029 3875 actis
1056 3832 1154 3877 etc.
1203 3828 1259 3877 Ο.
1287 3830 1350 3878 V.
1382 3832 1507 3879 1658
1525 3846 1570 3880 a.
1712 3829 1750 3858 16
1789 3830 2007 3880 Schema
2034 3836 2131 3880 etc.
2184 3830 2238 3880 Ο.
2266 3829 2329 3878 V.
2358 3832 2419 3878 73
2437 3845 2480 3880 c.

329 3897 366 3925 1⁷
403 3898 805 3951 Emendationes
843 3907 939 3952 etc.
1001 3902 1057 3953 Ο.
1096 3905 1159 3953 V.
1200 3908 1355 3956 1601).
1540 3907 1578 3936 18
1614 3908 1822 3957 Relatio
1861 3912 1958 3958 etc.
2019 3907 2075 3957 Ο.
2114 3908 2177 3956 V.
2220 3907 2360 3956 177ᾶ
2402 3922 2481 3971 sq.

328 3973 367 4002 ¹⁹
404 3975 537 4026 Ibid.
609 3977 666 4026 Ο.
703 3979 766 4028 V.
807 3981 900 4028 180
917 3980 964 4029 d.
