<?xml version="1.0" encoding="UTF-8"?>
<!DOCTYPE html PUBLIC "-//W3C//DTD XHTML 1.0 Transitional//EN"
    "http://www.w3.org/TR/xhtml1/DTD/xhtml1-transitional.dtd">
<html xmlns="http://www.w3.org/1999/xhtml" xml:lang="en" lang="en">
 <head>
  <title>
</title>
<meta http-equiv="Content-Type" content="text/html;charset=utf-8" />
  <meta name='ocr-system' content='tesseract 3.04.00' />
  <meta name='ocr-capabilities' content='ocr_page ocr_carea ocr_par ocr_line ocrx_word'/>
</head>
<body>
  <div class='ocr_page' id='page_1' title='image "a584483100granuoft_0210.png"; bbox 0 0 2548 4290; ppageno 0'>
   <div class='ocr_carea' id='block_1_1' title="bbox 194 91 2287 150">
    <p class='ocr_par' dir='ltr' id='par_1_1' title="bbox 194 91 2287 150">
     <span class='ocr_line' id='line_1_1' title="bbox 194 91 2287 150; baseline 0 -14"><span class='ocrx_word' id='word_1_1' title='bbox 194 93 298 146; x_wconf 88' lang='grc'>196</span> <span class='ocrx_word' id='word_1_2' title='bbox 367 95 481 137; x_wconf 87' lang='lat' dir='ltr'>Pars</span> <span class='ocrx_word' id='word_1_3' title='bbox 513 94 572 135; x_wconf 88' lang='lat'>11.</span> <span class='ocrx_word' id='word_1_4' title='bbox 623 93 779 136; x_wconf 87' lang='lat' dir='ltr'>Const.</span> <span class='ocrx_word' id='word_1_5' title='bbox 814 92 870 134; x_wconf 89' lang='lat' dir='ltr'>de</span> <span class='ocrx_word' id='word_1_6' title='bbox 901 91 1027 134; x_wconf 86' lang='lat' dir='ltr'>Eccl.</span> <span class='ocrx_word' id='word_1_7' title='bbox 1094 91 1205 146; x_wconf 85' lang='lat' dir='ltr'>Cap.</span> <span class='ocrx_word' id='word_1_8' title='bbox 1238 93 1298 135; x_wconf 91' lang='grc' dir='ltr'>ΙΙ.</span> <span class='ocrx_word' id='word_1_9' title='bbox 1350 93 1767 137; x_wconf 80' lang='lat' dir='ltr'>Commentationes</span> <span class='ocrx_word' id='word_1_10' title='bbox 1802 94 1857 137; x_wconf 89' lang='lat' dir='ltr'>de</span> <span class='ocrx_word' id='word_1_11' title='bbox 1888 96 2125 150; x_wconf 79' lang='lat' dir='ltr'>aliquibus</span> <span class='ocrx_word' id='word_1_12' title='bbox 2157 96 2287 139; x_wconf 90' lang='lat' dir='ltr'>locis.</span> 
     </span>
    </p>
   </div>
   <div class='ocr_carea' id='block_1_2' title="bbox 186 238 2466 398">
    <p class='ocr_par' dir='ltr' id='par_1_2' title="bbox 186 238 2466 398">
     <span class='ocr_line' id='line_1_2' title="bbox 186 238 2464 314; baseline 0.001 -21"><span class='ocrx_word' id='word_1_13' title='bbox 186 241 346 312; x_wconf 79' lang='lat' dir='ltr'>logis,</span> <span class='ocrx_word' id='word_1_14' title='bbox 388 239 520 312; x_wconf 87' lang='lat' dir='ltr'>quid</span> <span class='ocrx_word' id='word_1_15' title='bbox 561 239 629 293; x_wconf 95' lang='lat' dir='ltr'>de</span> <span class='ocrx_word' id='word_1_16' title='bbox 671 256 815 291; x_wconf 87' lang='lat' dir='ltr'>nova</span> <span class='ocrx_word' id='word_1_17' title='bbox 855 238 1095 292; x_wconf 87' lang='lat' dir='ltr'>formula</span> <span class='ocrx_word' id='word_1_18' title='bbox 1134 240 1382 306; x_wconf 78' lang='lat' dir='ltr'>sentiret,</span> <span class='ocrx_word' id='word_1_19' title='bbox 1425 241 1713 311; x_wconf 80' lang='lat' dir='ltr'>exposuit3</span> <span class='ocrx_word' id='word_1_20' title='bbox 1772 241 2043 295; x_wconf 80' lang='lat' dir='ltr'>concessit</span> <span class='ocrx_word' id='word_1_21' title='bbox 2082 241 2178 295; x_wconf 88' lang='lat' dir='ltr'>ille</span> <span class='ocrx_word' id='word_1_22' title='bbox 2220 243 2464 314; x_wconf 89' lang='lat' dir='ltr'>quidem,</span> 
     </span>
     <span class='ocr_line' id='line_1_3' title="bbox 189 324 2466 398; baseline 0.002 -19"><span class='ocrx_word' id='word_1_23' title='bbox 189 326 544 380; x_wconf 86' lang='lat' dir='ltr'>difficultates</span> <span class='ocrx_word' id='word_1_24' title='bbox 585 342 697 378; x_wconf 92' lang='lat' dir='ltr'>non</span> <span class='ocrx_word' id='word_1_25' title='bbox 737 324 931 378; x_wconf 89' lang='lat' dir='ltr'>abesse</span> <span class='ocrx_word' id='word_1_26' title='bbox 972 329 1028 377; x_wconf 86' lang='lat' dir='ltr'>et</span> <span class='ocrx_word' id='word_1_27' title='bbox 1067 325 1311 378; x_wconf 89' lang='lat' dir='ltr'>rationes</span> <span class='ocrx_word' id='word_1_28' title='bbox 1354 326 1665 397; x_wconf 88' lang='lat' dir='ltr'>propositas</span> <span class='ocrx_word' id='word_1_29' title='bbox 1704 326 1757 379; x_wconf 88' lang='lat' dir='ltr'>vi</span> <span class='ocrx_word' id='word_1_30' title='bbox 1798 344 1910 380; x_wconf 89' lang='lat' dir='ltr'>non</span> <span class='ocrx_word' id='word_1_31' title='bbox 1952 343 2174 394; x_wconf 88' lang='lat' dir='ltr'>carere,</span> <span class='ocrx_word' id='word_1_32' title='bbox 2232 328 2466 398; x_wconf 84' lang='lat' dir='ltr'>putabat</span> 
     </span>
    </p>
   </div>
   <div class='ocr_carea' id='block_1_3' title="bbox 188 409 2465 485">
    <p class='ocr_par' dir='ltr' id='par_1_3' title="bbox 188 409 2465 485">
     <span class='ocr_line' id='line_1_4' title="bbox 188 409 2465 485; baseline 0.002 -21"><span class='ocrx_word' id='word_1_33' title='bbox 188 418 406 477; x_wconf 89' lang='lat' dir='ltr'>tamen,</span> <span class='ocrx_word' id='word_1_34' title='bbox 462 411 527 463; x_wconf 92' lang='lat' dir='ltr'>iis</span> <span class='ocrx_word' id='word_1_35' title='bbox 579 409 744 463; x_wconf 90' lang='lat' dir='ltr'>facile</span> <span class='ocrx_word' id='word_1_36' title='bbox 798 410 1011 462; x_wconf 87' lang='lat' dir='ltr'>occurri</span> <span class='ocrx_word' id='word_1_37' title='bbox 1062 428 1259 481; x_wconf 90' lang='lat' dir='ltr'>posse,</span> <span class='ocrx_word' id='word_1_38' title='bbox 1318 411 1362 463; x_wconf 90' lang='lat' dir='ltr'>si</span> <span class='ocrx_word' id='word_1_39' title='bbox 1414 428 1593 481; x_wconf 88' lang='lat' dir='ltr'>pauca</span> <span class='ocrx_word' id='word_1_40' title='bbox 1645 417 2008 465; x_wconf 86' lang='lat' dir='ltr'>mutarentur.</span> <span class='ocrx_word' id='word_1_41' title='bbox 2091 412 2253 474; x_wconf 83' lang='lat' dir='ltr'>Quod</span> <span class='ocrx_word' id='word_1_42' title='bbox 2294 432 2465 485; x_wconf 89' lang='lat' dir='ltr'>quum</span> 
     </span>
    </p>
   </div>
   <div class='ocr_carea' id='block_1_4' title="bbox 185 494 2465 738">
    <p class='ocr_par' dir='ltr' id='par_1_4' title="bbox 185 494 2465 738">
     <span class='ocr_line' id='line_1_5' title="bbox 188 494 2465 570; baseline 0.002 -22"><span class='ocrx_word' id='word_1_43' title='bbox 188 497 382 550; x_wconf 90' lang='lat' dir='ltr'>maiori</span> <span class='ocrx_word' id='word_1_44' title='bbox 423 496 654 549; x_wconf 88' lang='lat' dir='ltr'>Patrum</span> <span class='ocrx_word' id='word_1_45' title='bbox 693 513 924 548; x_wconf 91' lang='lat' dir='ltr'>numero</span> <span class='ocrx_word' id='word_1_46' title='bbox 963 494 1236 564; x_wconf 82' lang='lat' dir='ltr'>placeret,</span> <span class='ocrx_word' id='word_1_47' title='bbox 1289 496 1551 549; x_wconf 88' lang='lat' dir='ltr'>continuo</span> <span class='ocrx_word' id='word_1_48' title='bbox 1593 496 1650 549; x_wconf 93' lang='lat' dir='ltr'>id</span> <span class='ocrx_word' id='word_1_49' title='bbox 1703 498 1887 567; x_wconf 90' lang='lat' dir='ltr'>operis</span> <span class='ocrx_word' id='word_1_50' title='bbox 1927 504 2246 570; x_wconf 89' lang='lat' dir='ltr'>susceptum</span> <span class='ocrx_word' id='word_1_51' title='bbox 2288 500 2419 552; x_wconf 89' lang='lat' dir='ltr'>est.“</span> <span class='ocrx_word' id='word_1_52' title='bbox 2445 499 2465 534; x_wconf 81' lang='lat'>1</span> 
     </span>
     <span class='ocr_line' id='line_1_6' title="bbox 333 580 2460 652; baseline 0.002 -19"><span class='ocrx_word' id='word_1_53' title='bbox 333 580 533 652; x_wconf 89' lang='lat' dir='ltr'>Itaque</span> <span class='ocrx_word' id='word_1_54' title='bbox 574 581 797 634; x_wconf 87' lang='lat' dir='ltr'>schema</span> <span class='ocrx_word' id='word_1_55' title='bbox 841 580 1265 634; x_wconf 84' lang='lat' dir='ltr'>Constitutionis</span> <span class='ocrx_word' id='word_1_56' title='bbox 1307 582 1519 652; x_wconf 81' lang='lat' dir='ltr'>primae</span> <span class='ocrx_word' id='word_1_57' title='bbox 1563 581 1630 635; x_wconf 86' lang='lat' dir='ltr'>de</span> <span class='ocrx_word' id='word_1_58' title='bbox 1657 581 1913 636; x_wconf 86' lang='lat' dir='ltr'>Ecclesia</span> <span class='ocrx_word' id='word_1_59' title='bbox 1952 583 2061 637; x_wconf 90' lang='lat' dir='ltr'>iam</span> <span class='ocrx_word' id='word_1_60' title='bbox 2104 584 2460 639; x_wconf 87' lang='lat' dir='ltr'>emendatum</span> 
     </span>
     <span class='ocr_line' id='line_1_7' title="bbox 185 665 2463 738; baseline 0.002 -19"><span class='ocrx_word' id='word_1_61' title='bbox 185 667 331 737; x_wconf 90' lang='lat' dir='ltr'>typis</span> <span class='ocrx_word' id='word_1_62' title='bbox 371 667 797 738; x_wconf 87' lang='lat' dir='ltr'>imprimebatur</span> <span class='ocrx_word' id='word_1_63' title='bbox 838 672 1005 736; x_wconf 92' lang='lat' dir='ltr'>atque</span> <span class='ocrx_word' id='word_1_64' title='bbox 1047 665 1099 718; x_wconf 91' lang='lat' dir='ltr'>d.</span> <span class='ocrx_word' id='word_1_65' title='bbox 1143 669 1191 719; x_wconf 86' lang='lat'>9.</span> <span class='ocrx_word' id='word_1_66' title='bbox 1220 666 1354 719; x_wconf 84' lang='lat' dir='ltr'>Maii</span> <span class='ocrx_word' id='word_1_67' title='bbox 1394 667 1541 720; x_wconf 91' lang='lat' dir='ltr'>inter</span> <span class='ocrx_word' id='word_1_68' title='bbox 1581 667 1780 721; x_wconf 87' lang='lat' dir='ltr'>Patres</span> <span class='ocrx_word' id='word_1_69' title='bbox 1816 668 2050 723; x_wconf 83' lang='lat' dir='ltr'>Concilii</span> <span class='ocrx_word' id='word_1_70' title='bbox 2094 669 2463 724; x_wconf 85' lang='lat' dir='ltr'>distribueba-</span> 
     </span>
    </p>
   </div>
   <div class='ocr_carea' id='block_1_5' title="bbox 183 750 2548 833">
    <p class='ocr_par' dir='ltr' id='par_1_5' title="bbox 183 750 2548 833">
     <span class='ocr_line' id='line_1_8' title="bbox 183 750 2548 833; baseline 0.002 -27"><span class='ocrx_word' id='word_1_71' title='bbox 183 750 326 806; x_wconf 81' lang='lat' dir='ltr'>tur2.</span> <span class='ocrx_word' id='word_1_72' title='bbox 403 753 535 823; x_wconf 90' lang='lat' dir='ltr'>Ipsa</span> <span class='ocrx_word' id='word_1_73' title='bbox 576 753 825 806; x_wconf 90' lang='lat' dir='ltr'>definitio</span> <span class='ocrx_word' id='word_1_74' title='bbox 867 751 1283 806; x_wconf 88' lang='lat' dir='ltr'>infallibilitatis</span> <span class='ocrx_word' id='word_1_75' title='bbox 1324 753 1640 823; x_wconf 86' lang='lat' dir='ltr'>pontificiae</span> <span class='ocrx_word' id='word_1_76' title='bbox 1682 754 1765 807; x_wconf 89' lang='lat' dir='ltr'>his</span> <span class='ocrx_word' id='word_1_77' title='bbox 1806 760 2070 809; x_wconf 89' lang='lat' dir='ltr'>contenta</span> <span class='ocrx_word' id='word_1_78' title='bbox 2110 762 2260 809; x_wconf 89' lang='lat' dir='ltr'>erat:</span> <span class='ocrx_word' id='word_1_79' title='bbox 2317 756 2461 825; x_wconf 78' lang='lat' dir='ltr'>„Ro-</span> <span class='ocrx_word' id='word_1_80' title='bbox 2543 829 2548 833; x_wconf 20' lang='lat'><strong>⁴</strong></span> 
     </span>
    </p>
   </div>
   <div class='ocr_carea' id='block_1_6' title="bbox 168 838 2460 3576">
    <p class='ocr_par' dir='ltr' id='par_1_6' title="bbox 177 838 2460 1581">
     <span class='ocr_line' id='line_1_9' title="bbox 183 838 2460 913; baseline 0.002 -21"><span class='ocrx_word' id='word_1_81' title='bbox 183 857 408 892; x_wconf 89' lang='lat' dir='ltr'>manum</span> <span class='ocrx_word' id='word_1_82' title='bbox 447 838 779 892; x_wconf 85' lang='lat' dir='ltr'>Pontificem</span> <span class='ocrx_word' id='word_1_83' title='bbox 823 881 833 892; x_wconf 91' lang='lat'><strong>.</strong></span> <span class='ocrx_word' id='word_1_84' title='bbox 878 880 889 890; x_wconf 89' lang='lat'><strong>.</strong></span> <span class='ocrx_word' id='word_1_85' title='bbox 936 880 946 891; x_wconf 91' lang='lat'><strong>.</strong></span> <span class='ocrx_word' id='word_1_86' title='bbox 988 856 1176 892; x_wconf 92' lang='lat' dir='ltr'>errare</span> <span class='ocrx_word' id='word_1_87' title='bbox 1218 857 1329 892; x_wconf 92' lang='lat' dir='ltr'>non</span> <span class='ocrx_word' id='word_1_88' title='bbox 1370 857 1551 910; x_wconf 89' lang='lat' dir='ltr'>posse,</span> <span class='ocrx_word' id='word_1_89' title='bbox 1595 858 1761 911; x_wconf 92' lang='lat' dir='ltr'>quum</span> <span class='ocrx_word' id='word_1_90' title='bbox 1809 882 1819 892; x_wconf 89' lang='lat'><strong>.</strong></span> <span class='ocrx_word' id='word_1_91' title='bbox 1864 883 1874 892; x_wconf 91' lang='lat'><em>.</em></span> <span class='ocrx_word' id='word_1_92' title='bbox 1919 884 1930 894; x_wconf 90' lang='lat'><strong>.</strong></span> <span class='ocrx_word' id='word_1_93' title='bbox 1975 842 2185 910; x_wconf 86' lang='lat' dir='ltr'>definit,</span> <span class='ocrx_word' id='word_1_94' title='bbox 2228 842 2362 913; x_wconf 93' lang='lat' dir='ltr'>quid</span> <span class='ocrx_word' id='word_1_95' title='bbox 2402 844 2460 897; x_wconf 74' lang='lat' dir='ltr'>in</span> 
     </span>
     <span class='ocr_line' id='line_1_10' title="bbox 181 924 2460 997; baseline 0.003 -20"><span class='ocrx_word' id='word_1_96' title='bbox 181 924 347 978; x_wconf 88' lang='lat' dir='ltr'>rebus</span> <span class='ocrx_word' id='word_1_97' title='bbox 387 924 516 978; x_wconf 88' lang='lat' dir='ltr'>fidei</span> <span class='ocrx_word' id='word_1_98' title='bbox 559 943 621 977; x_wconf 89' lang='lat' dir='ltr'>ac</span> <span class='ocrx_word' id='word_1_99' title='bbox 662 943 877 977; x_wconf 89' lang='lat' dir='ltr'>morum</span> <span class='ocrx_word' id='word_1_100' title='bbox 917 924 986 977; x_wconf 90' lang='lat' dir='ltr'>ab</span> <span class='ocrx_word' id='word_1_101' title='bbox 1028 925 1289 978; x_wconf 89' lang='lat' dir='ltr'>universa</span> <span class='ocrx_word' id='word_1_102' title='bbox 1327 924 1581 978; x_wconf 87' lang='lat' dir='ltr'>Ecclesia</span> <span class='ocrx_word' id='word_1_103' title='bbox 1631 931 1884 997; x_wconf 75' lang='lat' dir='ltr'>tanquam</span> <span class='ocrx_word' id='word_1_104' title='bbox 1924 926 1986 980; x_wconf 83' lang='lat' dir='ltr'>de</span> <span class='ocrx_word' id='word_1_105' title='bbox 2028 927 2145 997; x_wconf 84' lang='lat' dir='ltr'>fide</span> <span class='ocrx_word' id='word_1_106' title='bbox 2182 928 2460 983; x_wconf 81' lang='lat' dir='ltr'>tenendum</span> 
     </span>
     <span class='ocr_line' id='line_1_11' title="bbox 180 1010 2458 1082; baseline 0.003 -19"><span class='ocrx_word' id='word_1_107' title='bbox 180 1011 254 1063; x_wconf 76' lang='lat' dir='ltr'>vel</span> <span class='ocrx_word' id='word_1_108' title='bbox 302 1016 556 1082; x_wconf 77' lang='lat' dir='ltr'>tanquam</span> <span class='ocrx_word' id='word_1_109' title='bbox 584 1010 722 1080; x_wconf 81' lang='lat' dir='ltr'>fidei</span> <span class='ocrx_word' id='word_1_110' title='bbox 758 1012 1083 1064; x_wconf 81' lang='lat' dir='ltr'>eontrarium</span> <span class='ocrx_word' id='word_1_111' title='bbox 1122 1011 1462 1064; x_wconf 79' lang='lat' dir='ltr'>reiieienclum</span> <span class='ocrx_word' id='word_1_112' title='bbox 1514 1012 1604 1077; x_wconf 81' lang='lat' dir='ltr'>sit,</span> <span class='ocrx_word' id='word_1_113' title='bbox 1657 1017 1712 1065; x_wconf 91' lang='lat' dir='ltr'>et</span> <span class='ocrx_word' id='word_1_114' title='bbox 1764 1013 2035 1066; x_wconf 89' lang='lat' dir='ltr'>eiusmodi</span> <span class='ocrx_word' id='word_1_115' title='bbox 2077 1013 2303 1067; x_wconf 86' lang='lat' dir='ltr'>decreta</span> <span class='ocrx_word' id='word_1_116' title='bbox 2342 1015 2458 1069; x_wconf 82' lang='lat' dir='ltr'>sive</span> 
     </span>
     <span class='ocr_line' id='line_1_12' title="bbox 180 1095 2459 1169; baseline 0.004 -22"><span class='ocrx_word' id='word_1_117' title='bbox 180 1095 386 1149; x_wconf 89' lang='lat' dir='ltr'>iudicia</span> <span class='ocrx_word' id='word_1_118' title='bbox 426 1114 526 1167; x_wconf 92' lang='lat' dir='ltr'>per</span> <span class='ocrx_word' id='word_1_119' title='bbox 565 1114 622 1150; x_wconf 93' lang='lat' dir='ltr'>se</span> <span class='ocrx_word' id='word_1_120' title='bbox 664 1096 1092 1149; x_wconf 87' lang='lat' dir='ltr'>irreformabilia</span> <span class='ocrx_word' id='word_1_121' title='bbox 1137 1116 1169 1150; x_wconf 90' lang='lat' dir='ltr'>a</span> <span class='ocrx_word' id='word_1_122' title='bbox 1209 1097 1402 1167; x_wconf 90' lang='lat' dir='ltr'>quovis</span> <span class='ocrx_word' id='word_1_123' title='bbox 1442 1096 1775 1162; x_wconf 82' lang='lat' dir='ltr'>christiane,</span> <span class='ocrx_word' id='word_1_124' title='bbox 1828 1104 1890 1151; x_wconf 94' lang='lat' dir='ltr'>ut</span> <span class='ocrx_word' id='word_1_125' title='bbox 1929 1099 2168 1169; x_wconf 90' lang='lat' dir='ltr'>primum</span> <span class='ocrx_word' id='word_1_126' title='bbox 2210 1100 2260 1153; x_wconf 92' lang='lat' dir='ltr'>ei</span> <span class='ocrx_word' id='word_1_127' title='bbox 2301 1100 2459 1155; x_wconf 92' lang='lat' dir='ltr'>inno·</span> 
     </span>
     <span class='ocr_line' id='line_1_13' title="bbox 180 1182 2458 1254; baseline 0.002 -21"><span class='ocrx_word' id='word_1_128' title='bbox 180 1182 415 1248; x_wconf 87' lang='lat' dir='ltr'>tuerint,</span> <span class='ocrx_word' id='word_1_129' title='bbox 459 1183 623 1253; x_wconf 92' lang='lat' dir='ltr'>pleno</span> <span class='ocrx_word' id='word_1_130' title='bbox 655 1182 792 1251; x_wconf 76' lang='lat' dir='ltr'>fidei</span> <span class='ocrx_word' id='word_1_131' title='bbox 828 1183 1062 1254; x_wconf 77' lang='lat' dir='ltr'>obsequio</span> <span class='ocrx_word' id='word_1_132' title='bbox 1102 1182 1436 1254; x_wconf 79' lang='lat' dir='ltr'>excipienda</span> <span class='ocrx_word' id='word_1_133' title='bbox 1477 1187 1532 1235; x_wconf 94' lang='lat' dir='ltr'>et</span> <span class='ocrx_word' id='word_1_134' title='bbox 1559 1183 1804 1237; x_wconf 89' lang='lat' dir='ltr'>tenenda</span> <span class='ocrx_word' id='word_1_135' title='bbox 1831 1202 1967 1238; x_wconf 92' lang='lat' dir='ltr'>esse.</span> <span class='ocrx_word' id='word_1_136' title='bbox 2022 1184 2296 1246; x_wconf 84' lang='lat' dir='ltr'>Quoniam</span> <span class='ocrx_word' id='word_1_137' title='bbox 2324 1205 2458 1240; x_wconf 80' lang='lat' dir='ltr'>vero</span> 
     </span>
     <span class='ocr_line' id='line_1_14' title="bbox 179 1266 2456 1342; baseline 0.002 -23"><span class='ocrx_word' id='word_1_138' title='bbox 179 1266 547 1321; x_wconf 87' lang='lat' dir='ltr'>infallibilitas</span> <span class='ocrx_word' id='word_1_139' title='bbox 588 1268 784 1321; x_wconf 85' lang='lat' dir='ltr'>eadem</span> <span class='ocrx_word' id='word_1_140' title='bbox 826 1274 934 1336; x_wconf 90' lang='lat' dir='ltr'>est,</span> <span class='ocrx_word' id='word_1_141' title='bbox 988 1269 1103 1321; x_wconf 86' lang='lat' dir='ltr'>sive</span> <span class='ocrx_word' id='word_1_142' title='bbox 1156 1273 1436 1339; x_wconf 86' lang='lat' dir='ltr'>spectetur</span> <span class='ocrx_word' id='word_1_143' title='bbox 1489 1269 1544 1320; x_wconf 92' lang='lat' dir='ltr'>in</span> <span class='ocrx_word' id='word_1_144' title='bbox 1584 1268 1838 1322; x_wconf 86' lang='lat' dir='ltr'>Romano</span> <span class='ocrx_word' id='word_1_145' title='bbox 1878 1270 2150 1324; x_wconf 88' lang='lat' dir='ltr'>Pontifice</span> <span class='ocrx_word' id='word_1_146' title='bbox 2191 1277 2456 1342; x_wconf 78' lang='lat' dir='ltr'>tanquam</span> 
     </span>
     <span class='ocr_line' id='line_1_15' title="bbox 181 1353 2456 1428; baseline 0.003 -23"><span class='ocrx_word' id='word_1_147' title='bbox 181 1354 360 1423; x_wconf 90' lang='lat' dir='ltr'>capite</span> <span class='ocrx_word' id='word_1_148' title='bbox 401 1353 714 1422; x_wconf 87' lang='lat' dir='ltr'>Ecclesiae,</span> <span class='ocrx_word' id='word_1_149' title='bbox 770 1355 884 1407; x_wconf 89' lang='lat' dir='ltr'>sive</span> <span class='ocrx_word' id='word_1_150' title='bbox 927 1355 982 1406; x_wconf 89' lang='lat' dir='ltr'>in</span> <span class='ocrx_word' id='word_1_151' title='bbox 1023 1355 1285 1407; x_wconf 80' lang='lat' dir='ltr'>universa</span> <span class='ocrx_word' id='word_1_152' title='bbox 1323 1354 1578 1408; x_wconf 88' lang='lat' dir='ltr'>Ecclesia</span> <span class='ocrx_word' id='word_1_153' title='bbox 1622 1355 1857 1409; x_wconf 71' lang='lat' dir='ltr'>docente</span> <span class='ocrx_word' id='word_1_154' title='bbox 1899 1373 2022 1409; x_wconf 89' lang='lat' dir='ltr'>cum</span> <span class='ocrx_word' id='word_1_155' title='bbox 2063 1357 2242 1428; x_wconf 87' lang='lat' dir='ltr'>capite</span> <span class='ocrx_word' id='word_1_156' title='bbox 2283 1358 2456 1412; x_wconf 80' lang='lat' dir='ltr'>unita.</span> 
     </span>
     <span class='ocr_line' id='line_1_16' title="bbox 178 1439 2459 1514; baseline 0.001 -22"><span class='ocrx_word' id='word_1_157' title='bbox 178 1439 394 1510; x_wconf 76' lang='lat' dir='ltr'>insuper</span> <span class='ocrx_word' id='word_1_158' title='bbox 433 1440 744 1509; x_wconf 59' lang='lat' dir='ltr'>definitum,</span> <span class='ocrx_word' id='word_1_159' title='bbox 783 1441 918 1494; x_wconf 75' lang='lat' dir='ltr'>lianc</span> <span class='ocrx_word' id='word_1_160' title='bbox 955 1440 1388 1510; x_wconf 54' lang='lat' dir='ltr'>infallibilitatem</span> <span class='ocrx_word' id='word_1_161' title='bbox 1426 1441 1581 1493; x_wconf 82' lang='lat' dir='ltr'>etiam</span> <span class='ocrx_word' id='word_1_162' title='bbox 1621 1441 1693 1493; x_wconf 78' lang='lat' dir='ltr'>acl</span> <span class='ocrx_word' id='word_1_163' title='bbox 1732 1459 1900 1495; x_wconf 85' lang='lat' dir='ltr'>unum</span> <span class='ocrx_word' id='word_1_164' title='bbox 1941 1442 2176 1514; x_wconf 77' lang='lat' dir='ltr'>idemque</span> <span class='ocrx_word' id='word_1_165' title='bbox 2213 1442 2459 1497; x_wconf 39' lang='lat' dir='ltr'>obiectam,</span> 
     </span>
     <span class='ocr_line' id='line_1_17' title="bbox 177 1525 679 1581; baseline 0.004 -2"><span class='ocrx_word' id='word_1_166' title='bbox 177 1543 279 1579; x_wconf 77' lang='lat' dir='ltr'>sese</span> <span class='ocrx_word' id='word_1_167' title='bbox 316 1526 633 1581; x_wconf 74' lang='lat' dir='ltr'>extendere.“</span> <span class='ocrx_word' id='word_1_168' title='bbox 659 1525 679 1558; x_wconf 79' lang='lat'><strong>3</strong></span> 
     </span>
    </p>

    <p class='ocr_par' dir='ltr' id='par_1_7' title="bbox 172 1612 2457 2629">
     <span class='ocr_line' id='line_1_18' title="bbox 327 1612 2453 1686; baseline 0.001 -21"><span class='ocrx_word' id='word_1_169' title='bbox 327 1612 628 1666; x_wconf 90' lang='lat' dir='ltr'>Permultis</span> <span class='ocrx_word' id='word_1_170' title='bbox 669 1619 855 1666; x_wconf 90' lang='lat' dir='ltr'>autem</span> <span class='ocrx_word' id='word_1_171' title='bbox 897 1613 1157 1666; x_wconf 85' lang='lat' dir='ltr'>Patribus</span> <span class='ocrx_word' id='word_1_172' title='bbox 1200 1613 1438 1666; x_wconf 88' lang='lat' dir='ltr'>formula</span> <span class='ocrx_word' id='word_1_173' title='bbox 1490 1618 1702 1666; x_wconf 87' lang='lat' dir='ltr'>mutata</span> <span class='ocrx_word' id='word_1_174' title='bbox 1742 1614 1908 1684; x_wconf 91' lang='lat' dir='ltr'>plane</span> <span class='ocrx_word' id='word_1_175' title='bbox 1962 1613 2243 1685; x_wconf 83' lang='lat' dir='ltr'>displicuit</span> <span class='ocrx_word' id='word_1_176' title='bbox 2281 1615 2453 1686; x_wconf 84' lang='lat' dir='ltr'>iisque</span> 
     </span>
     <span class='ocr_line' id='line_1_19' title="bbox 177 1698 2455 1772; baseline 0.002 -22"><span class='ocrx_word' id='word_1_177' title='bbox 177 1698 471 1770; x_wconf 88' lang='lat' dir='ltr'>pristinum</span> <span class='ocrx_word' id='word_1_178' title='bbox 523 1699 750 1752; x_wconf 89' lang='lat' dir='ltr'>sehema</span> <span class='ocrx_word' id='word_1_179' title='bbox 802 1699 1236 1769; x_wconf 88' lang='lat' dir='ltr'>praeferendum</span> <span class='ocrx_word' id='word_1_180' title='bbox 1288 1716 1407 1752; x_wconf 89' lang='lat' dir='ltr'>esse</span> <span class='ocrx_word' id='word_1_181' title='bbox 1459 1698 1772 1753; x_wconf 79' lang='lat' dir='ltr'>videbatur.</span> <span class='ocrx_word' id='word_1_182' title='bbox 1856 1699 2087 1770; x_wconf 89' lang='lat' dir='ltr'>„Itaque</span> <span class='ocrx_word' id='word_1_183' title='bbox 2145 1701 2455 1772; x_wconf 83' lang='lat' dir='ltr'>complures</span> 
     </span>
     <span class='ocr_line' id='line_1_20' title="bbox 180 1784 2456 1855; baseline 0.002 -19"><span class='ocrx_word' id='word_1_184' title='bbox 180 1784 351 1837; x_wconf 83' lang='lat' dir='ltr'>habiti</span> <span class='ocrx_word' id='word_1_185' title='bbox 406 1790 533 1837; x_wconf 89' lang='lat' dir='ltr'>sunt</span> <span class='ocrx_word' id='word_1_186' title='bbox 583 1792 888 1838; x_wconf 88' lang='lat' dir='ltr'>conventus</span> <span class='ocrx_word' id='word_1_187' title='bbox 941 1784 1143 1855; x_wconf 88' lang='lat' dir='ltr'>privati</span> <span class='ocrx_word' id='word_1_188' title='bbox 1199 1784 1348 1854; x_wconf 88' lang='lat' dir='ltr'>apud</span> <span class='ocrx_word' id='word_1_189' title='bbox 1391 1785 1892 1855; x_wconf 86' lang='lat' dir='ltr'>Archiepiscopum</span> <span class='ocrx_word' id='word_1_190' title='bbox 1944 1785 2351 1840; x_wconf 85' lang='lat' dir='ltr'>Bituricensem</span> <span class='ocrx_word' id='word_1_191' title='bbox 2404 1795 2456 1840; x_wconf 90' lang='lat' dir='ltr'>et</span> 
     </span>
     <span class='ocr_line' id='line_1_21' title="bbox 174 1869 2456 1941; baseline 0.001 -18"><span class='ocrx_word' id='word_1_192' title='bbox 174 1869 516 1941; x_wconf 86' lang='lat' dir='ltr'>Episcopum</span> <span class='ocrx_word' id='word_1_193' title='bbox 545 1870 1061 1937; x_wconf 84' lang='lat' dir='ltr'>Carcassonensem,</span> <span class='ocrx_word' id='word_1_194' title='bbox 1092 1870 1291 1940; x_wconf 87' lang='lat' dir='ltr'>quibus</span> <span class='ocrx_word' id='word_1_195' title='bbox 1321 1870 1515 1923; x_wconf 86' lang='lat' dir='ltr'>adesse</span> <span class='ocrx_word' id='word_1_196' title='bbox 1544 1870 1801 1924; x_wconf 87' lang='lat' dir='ltr'>solebant</span> <span class='ocrx_word' id='word_1_197' title='bbox 1822 1869 2456 1939; x_wconf 51' lang='lat' dir='ltr'>WVestmonasteriensiS,</span> 
     </span>
     <span class='ocr_line' id='line_1_22' title="bbox 177 1955 2456 2027; baseline 0.001 -19"><span class='ocrx_word' id='word_1_198' title='bbox 177 1955 617 2027; x_wconf 82' lang='lat' dir='ltr'>Corisopitensis,</span> <span class='ocrx_word' id='word_1_199' title='bbox 648 1956 1050 2022; x_wconf 87' lang='lat' dir='ltr'>Hebronensis,</span> <span class='ocrx_word' id='word_1_200' title='bbox 1080 1956 1492 2022; x_wconf 81' lang='lat' dir='ltr'>Ascalonensis,</span> <span class='ocrx_word' id='word_1_201' title='bbox 1525 1955 1977 2023; x_wconf 79' lang='lat' dir='ltr'>CenomanensiS,</span> <span class='ocrx_word' id='word_1_202' title='bbox 2017 1957 2456 2026; x_wconf 84' lang='lat' dir='ltr'>Ratisbonensis,</span> 
     </span>
     <span class='ocr_line' id='line_1_23' title="bbox 175 2040 2456 2113; baseline 0.001 -18"><span class='ocrx_word' id='word_1_203' title='bbox 175 2048 230 2095; x_wconf 90' lang='lat' dir='ltr'>et</span> <span class='ocrx_word' id='word_1_204' title='bbox 258 2042 469 2096; x_wconf 89' lang='lat' dir='ltr'>Vicarii</span> <span class='ocrx_word' id='word_1_205' title='bbox 498 2043 790 2113; x_wconf 82' lang='lat' dir='ltr'>generales</span> <span class='ocrx_word' id='word_1_206' title='bbox 820 2040 1055 2095; x_wconf 87' lang='lat' dir='ltr'>d&#39;Alzon</span> <span class='ocrx_word' id='word_1_207' title='bbox 1085 2048 1140 2096; x_wconf 94' lang='lat' dir='ltr'>et</span> <span class='ocrx_word' id='word_1_208' title='bbox 1171 2041 1426 2110; x_wconf 82' lang='lat' dir='ltr'>Chesnel,</span> <span class='ocrx_word' id='word_1_209' title='bbox 1469 2048 1529 2095; x_wconf 92' lang='lat' dir='ltr'>ut</span> <span class='ocrx_word' id='word_1_210' title='bbox 1559 2042 1937 2097; x_wconf 85' lang='lat' dir='ltr'>deliberarent</span> <span class='ocrx_word' id='word_1_211' title='bbox 1967 2044 2034 2097; x_wconf 94' lang='lat' dir='ltr'>de</span> <span class='ocrx_word' id='word_1_212' title='bbox 2065 2044 2456 2098; x_wconf 88' lang='lat' dir='ltr'>emendatione</span> 
     </span>
     <span class='ocr_line' id='line_1_24' title="bbox 175 2127 2455 2200; baseline 0.001 -20"><span class='ocrx_word' id='word_1_213' title='bbox 175 2127 466 2181; x_wconf 89' lang='lat' dir='ltr'>formulae.</span> <span class='ocrx_word' id='word_1_214' title='bbox 544 2129 765 2182; x_wconf 86' lang='lat' dir='ltr'>Placuit</span> <span class='ocrx_word' id='word_1_215' title='bbox 808 2129 1094 2197; x_wconf 79' lang='lat' dir='ltr'>omnibuS,</span> <span class='ocrx_word' id='word_1_216' title='bbox 1135 2135 1225 2196; x_wconf 89' lang='lat' dir='ltr'>ut,</span> <span class='ocrx_word' id='word_1_217' title='bbox 1280 2128 1462 2199; x_wconf 89' lang='lat' dir='ltr'>quoad</span> <span class='ocrx_word' id='word_1_218' title='bbox 1503 2129 1623 2181; x_wconf 88' lang='lat' dir='ltr'>fieri</span> <span class='ocrx_word' id='word_1_219' title='bbox 1667 2136 1868 2200; x_wconf 86' lang='lat' dir='ltr'>posset,</span> <span class='ocrx_word' id='word_1_220' title='bbox 1910 2148 2055 2183; x_wconf 82' lang='lat' dir='ltr'>nova</span> <span class='ocrx_word' id='word_1_221' title='bbox 2095 2130 2306 2184; x_wconf 85' lang='lat' dir='ltr'>reiecta</span> <span class='ocrx_word' id='word_1_222' title='bbox 2345 2130 2455 2184; x_wconf 89' lang='lat' dir='ltr'>for-</span> 
     </span>
     <span class='ocr_line' id='line_1_25' title="bbox 174 2214 2457 2286; baseline 0.001 -19"><span class='ocrx_word' id='word_1_223' title='bbox 174 2214 341 2283; x_wconf 90' lang='lat' dir='ltr'>mula,</span> <span class='ocrx_word' id='word_1_224' title='bbox 384 2215 672 2286; x_wconf 89' lang='lat' dir='ltr'>antiquum</span> <span class='ocrx_word' id='word_1_225' title='bbox 725 2215 950 2268; x_wconf 90' lang='lat' dir='ltr'>schema</span> <span class='ocrx_word' id='word_1_226' title='bbox 989 2215 1408 2283; x_wconf 88' lang='lat' dir='ltr'>restitueretur,</span> <span class='ocrx_word' id='word_1_227' title='bbox 1462 2220 1518 2268; x_wconf 93' lang='lat' dir='ltr'>et</span> <span class='ocrx_word' id='word_1_228' title='bbox 1569 2221 1630 2268; x_wconf 87' lang='lat' dir='ltr'>ut</span> <span class='ocrx_word' id='word_1_229' title='bbox 1673 2216 1740 2269; x_wconf 92' lang='lat' dir='ltr'>de</span> <span class='ocrx_word' id='word_1_230' title='bbox 1784 2215 2001 2269; x_wconf 90' lang='lat' dir='ltr'>obiecto</span> <span class='ocrx_word' id='word_1_231' title='bbox 2043 2216 2457 2271; x_wconf 89' lang='lat' dir='ltr'>infallibilitatis</span> 
     </span>
     <span class='ocr_line' id='line_1_26' title="bbox 173 2300 2456 2373; baseline 0.001 -20"><span class='ocrx_word' id='word_1_232' title='bbox 173 2300 412 2354; x_wconf 87' lang='lat' dir='ltr'>Romani</span> <span class='ocrx_word' id='word_1_233' title='bbox 453 2302 738 2355; x_wconf 86' lang='lat' dir='ltr'>Pontificis</span> <span class='ocrx_word' id='word_1_234' title='bbox 779 2321 890 2356; x_wconf 89' lang='lat' dir='ltr'>non</span> <span class='ocrx_word' id='word_1_235' title='bbox 932 2301 1055 2373; x_wconf 89' lang='lat' dir='ltr'>plus</span> <span class='ocrx_word' id='word_1_236' title='bbox 1099 2301 1453 2368; x_wconf 87' lang='lat' dir='ltr'>definiretur,</span> <span class='ocrx_word' id='word_1_237' title='bbox 1510 2320 1675 2372; x_wconf 89' lang='lat' dir='ltr'>quam</span> <span class='ocrx_word' id='word_1_238' title='bbox 1717 2302 1867 2355; x_wconf 90' lang='lat' dir='ltr'>idem</span> <span class='ocrx_word' id='word_1_239' title='bbox 1909 2320 2028 2355; x_wconf 91' lang='lat' dir='ltr'>esse</span> <span class='ocrx_word' id='word_1_240' title='bbox 2071 2320 2194 2355; x_wconf 92' lang='lat' dir='ltr'>cum</span> <span class='ocrx_word' id='word_1_241' title='bbox 2237 2303 2456 2356; x_wconf 91' lang='lat' dir='ltr'>obiecto</span> 
     </span>
     <span class='ocr_line' id='line_1_27' title="bbox 172 2386 2456 2459; baseline 0.001 -20"><span class='ocrx_word' id='word_1_242' title='bbox 172 2386 584 2440; x_wconf 86' lang='lat' dir='ltr'>infallibilitatis</span> <span class='ocrx_word' id='word_1_243' title='bbox 626 2387 928 2440; x_wconf 88' lang='lat' dir='ltr'>Ecclesiae.</span> <span class='ocrx_word' id='word_1_244' title='bbox 1009 2386 1340 2458; x_wconf 84' lang='lat' dir='ltr'>Complures</span> <span class='ocrx_word' id='word_1_245' title='bbox 1383 2387 1800 2440; x_wconf 86' lang='lat' dir='ltr'>emendationes</span> <span class='ocrx_word' id='word_1_246' title='bbox 1849 2388 2217 2459; x_wconf 85' lang='lat' dir='ltr'>propositae.“</span> <span class='ocrx_word' id='word_1_247' title='bbox 2244 2387 2266 2420; x_wconf 78' lang='lat'>⁴</span> <span class='ocrx_word' id='word_1_248' title='bbox 2344 2387 2456 2441; x_wconf 84' lang='lat' dir='ltr'>Cur</span> 
     </span>
     <span class='ocr_line' id='line_1_28' title="bbox 173 2472 2454 2544; baseline 0.001 -20"><span class='ocrx_word' id='word_1_249' title='bbox 173 2478 385 2525; x_wconf 87' lang='lat' dir='ltr'>mutata</span> <span class='ocrx_word' id='word_1_250' title='bbox 423 2473 662 2526; x_wconf 89' lang='lat' dir='ltr'>formula</span> <span class='ocrx_word' id='word_1_251' title='bbox 702 2479 993 2542; x_wconf 88' lang='lat' dir='ltr'>tantopere</span> <span class='ocrx_word' id='word_1_252' title='bbox 1038 2472 1397 2544; x_wconf 79' lang='lat' dir='ltr'>displicuerit,</span> <span class='ocrx_word' id='word_1_253' title='bbox 1439 2473 1823 2542; x_wconf 85' lang='lat' dir='ltr'>cognoscimus</span> <span class='ocrx_word' id='word_1_254' title='bbox 1863 2491 1936 2527; x_wconf 81' lang='lat' dir='ltr'>ex</span> <span class='ocrx_word' id='word_1_255' title='bbox 1977 2474 2071 2541; x_wconf 91' lang='lat' dir='ltr'>iis,</span> <span class='ocrx_word' id='word_1_256' title='bbox 2129 2491 2271 2544; x_wconf 86' lang='lat' dir='ltr'>quae</span> <span class='ocrx_word' id='word_1_257' title='bbox 2311 2492 2454 2527; x_wconf 89' lang='lat' dir='ltr'>unus</span> 
     </span>
     <span class='ocr_line' id='line_1_29' title="bbox 173 2558 1840 2629; baseline 0 -18"><span class='ocrx_word' id='word_1_258' title='bbox 173 2576 245 2611; x_wconf 80' lang='lat' dir='ltr'>ex</span> <span class='ocrx_word' id='word_1_259' title='bbox 287 2558 548 2612; x_wconf 87' lang='lat' dir='ltr'>Patribus</span> <span class='ocrx_word' id='word_1_260' title='bbox 590 2558 964 2612; x_wconf 88' lang='lat' dir='ltr'>emendationi</span> <span class='ocrx_word' id='word_1_261' title='bbox 1007 2577 1039 2611; x_wconf 91' lang='lat' dir='ltr'>a</span> <span class='ocrx_word' id='word_1_262' title='bbox 1079 2576 1135 2611; x_wconf 91' lang='lat' dir='ltr'>se</span> <span class='ocrx_word' id='word_1_263' title='bbox 1178 2559 1495 2628; x_wconf 86' lang='lat' dir='ltr'>propositae</span> <span class='ocrx_word' id='word_1_264' title='bbox 1537 2559 1840 2629; x_wconf 87' lang='lat' dir='ltr'>praemisit.</span> 
     </span>
    </p>

    <p class='ocr_par' dir='ltr' id='par_1_8' title="bbox 169 2644 2453 3145">
     <span class='ocr_line' id='line_1_30' title="bbox 326 2644 2452 2717; baseline 0.001 -21"><span class='ocrx_word' id='word_1_265' title='bbox 326 2644 674 2712; x_wconf 83' lang='lat' dir='ltr'>„Formula,“</span> <span class='ocrx_word' id='word_1_266' title='bbox 708 2645 903 2715; x_wconf 89' lang='lat' dir='ltr'>inquit,</span> <span class='ocrx_word' id='word_1_267' title='bbox 938 2653 1244 2716; x_wconf 86' lang='lat' dir='ltr'>„quatenus</span> <span class='ocrx_word' id='word_1_268' title='bbox 1274 2645 1552 2698; x_wconf 89' lang='lat' dir='ltr'>obiectum</span> <span class='ocrx_word' id='word_1_269' title='bbox 1582 2645 1889 2699; x_wconf 90' lang='lat' dir='ltr'>infallibilis</span> <span class='ocrx_word' id='word_1_270' title='bbox 1919 2646 2227 2717; x_wconf 84' lang='lat' dir='ltr'>magisterii</span> <span class='ocrx_word' id='word_1_271' title='bbox 2255 2647 2452 2717; x_wconf 83' lang='lat' dir='ltr'>tangit,</span> 
     </span>
     <span class='ocr_line' id='line_1_31' title="bbox 175 2730 2451 2802; baseline 0 -18"><span class='ocrx_word' id='word_1_272' title='bbox 175 2730 341 2784; x_wconf 88' lang='lat' dir='ltr'>debet</span> <span class='ocrx_word' id='word_1_273' title='bbox 382 2749 501 2784; x_wconf 89' lang='lat' dir='ltr'>esse</span> <span class='ocrx_word' id='word_1_274' title='bbox 555 2730 900 2799; x_wconf 87' lang='lat' dir='ltr'>huiusmodi,</span> <span class='ocrx_word' id='word_1_275' title='bbox 950 2737 1011 2784; x_wconf 91' lang='lat' dir='ltr'>ut</span> <span class='ocrx_word' id='word_1_276' title='bbox 1064 2732 1279 2784; x_wconf 88' lang='lat' dir='ltr'>nullum</span> <span class='ocrx_word' id='word_1_277' title='bbox 1333 2750 1557 2802; x_wconf 86' lang='lat' dir='ltr'>prorsus</span> <span class='ocrx_word' id='word_1_278' title='bbox 1612 2732 1841 2785; x_wconf 89' lang='lat' dir='ltr'>dubium</span> <span class='ocrx_word' id='word_1_279' title='bbox 1881 2733 1976 2799; x_wconf 91' lang='lat' dir='ltr'>sit,</span> <span class='ocrx_word' id='word_1_280' title='bbox 2029 2732 2269 2786; x_wconf 85' lang='lat' dir='ltr'>Romani</span> <span class='ocrx_word' id='word_1_281' title='bbox 2305 2732 2451 2786; x_wconf 91' lang='lat' dir='ltr'>Pon-</span> 
     </span>
     <span class='ocr_line' id='line_1_32' title="bbox 170 2817 2453 2888; baseline 0 -19"><span class='ocrx_word' id='word_1_282' title='bbox 170 2817 327 2870; x_wconf 87' lang='lat' dir='ltr'>tificis</span> <span class='ocrx_word' id='word_1_283' title='bbox 379 2817 838 2870; x_wconf 85' lang='lat' dir='ltr'>infallibilitatem</span> <span class='ocrx_word' id='word_1_284' title='bbox 892 2835 950 2870; x_wconf 90' lang='lat' dir='ltr'>se</span> <span class='ocrx_word' id='word_1_285' title='bbox 1004 2835 1069 2870; x_wconf 94' lang='lat' dir='ltr'>eo</span> <span class='ocrx_word' id='word_1_286' title='bbox 1123 2835 1297 2888; x_wconf 89' lang='lat' dir='ltr'>usque</span> <span class='ocrx_word' id='word_1_287' title='bbox 1352 2817 1685 2885; x_wconf 78' lang='lat' dir='ltr'>extendere,</span> <span class='ocrx_word' id='word_1_288' title='bbox 1747 2836 2033 2888; x_wconf 89' lang='lat' dir='ltr'>quousque</span> <span class='ocrx_word' id='word_1_289' title='bbox 2086 2837 2143 2871; x_wconf 92' lang='lat' dir='ltr'>se</span> <span class='ocrx_word' id='word_1_290' title='bbox 2198 2818 2453 2872; x_wconf 78' lang='lat' dir='ltr'>extendit</span> 
     </span>
     <span class='ocr_line' id='line_1_33' title="bbox 169 2902 2452 2974; baseline 0.001 -20"><span class='ocrx_word' id='word_1_291' title='bbox 169 2903 340 2974; x_wconf 91' lang='lat' dir='ltr'>ipsius</span> <span class='ocrx_word' id='word_1_292' title='bbox 380 2902 668 2957; x_wconf 86' lang='lat' dir='ltr'>Ecclesiae</span> <span class='ocrx_word' id='word_1_293' title='bbox 721 2902 1107 2956; x_wconf 80' lang='lat' dir='ltr'>infallibilitas.</span> <span class='ocrx_word' id='word_1_294' title='bbox 1188 2903 1255 2956; x_wconf 90' lang='lat' dir='ltr'>Id</span> <span class='ocrx_word' id='word_1_295' title='bbox 1306 2908 1494 2956; x_wconf 87' lang='lat' dir='ltr'>autem</span> <span class='ocrx_word' id='word_1_296' title='bbox 1536 2921 1647 2956; x_wconf 89' lang='lat' dir='ltr'>non</span> <span class='ocrx_word' id='word_1_297' title='bbox 1688 2903 1971 2956; x_wconf 88' lang='lat' dir='ltr'>obtinetur</span> <span class='ocrx_word' id='word_1_298' title='bbox 2023 2922 2168 2957; x_wconf 89' lang='lat' dir='ltr'>nova</span> <span class='ocrx_word' id='word_1_299' title='bbox 2206 2904 2303 2957; x_wconf 89' lang='lat' dir='ltr'>illa</span> <span class='ocrx_word' id='word_1_300' title='bbox 2343 2903 2452 2957; x_wconf 87' lang='lat' dir='ltr'>for-</span> 
     </span>
     <span class='ocr_line' id='line_1_34' title="bbox 170 2988 2452 3059; baseline 0.001 -20"><span class='ocrx_word' id='word_1_301' title='bbox 170 2989 347 3056; x_wconf 88' lang='lat' dir='ltr'>mula,</span> <span class='ocrx_word' id='word_1_302' title='bbox 401 2989 516 3042; x_wconf 90' lang='lat' dir='ltr'>sive</span> <span class='ocrx_word' id='word_1_303' title='bbox 559 3007 625 3041; x_wconf 89' lang='lat' dir='ltr'>ea</span> <span class='ocrx_word' id='word_1_304' title='bbox 664 2990 723 3041; x_wconf 54' lang='lat' dir='ltr'>‘in</span> <span class='ocrx_word' id='word_1_305' title='bbox 760 3006 810 3042; x_wconf 91' lang='grc'>36</span> <span class='ocrx_word' id='word_1_306' title='bbox 849 2995 1160 3058; x_wconf 87' lang='lat' dir='ltr'>spectetur,</span> <span class='ocrx_word' id='word_1_307' title='bbox 1209 2990 1323 3042; x_wconf 85' lang='lat' dir='ltr'>sive</span> <span class='ocrx_word' id='word_1_308' title='bbox 1367 2990 1540 3041; x_wconf 86' lang='lat' dir='ltr'>relate</span> <span class='ocrx_word' id='word_1_309' title='bbox 1582 2988 1653 3040; x_wconf 81' lang='lat' dir='ltr'>acl</span> <span class='ocrx_word' id='word_1_310' title='bbox 1691 2991 2113 3042; x_wconf 70' lang='lat' dir='ltr'>circumstantias</span> <span class='ocrx_word' id='word_1_311' title='bbox 2140 2996 2452 3059; x_wconf 59' lang='lat' dir='ltr'>praesente-9,</span> 
     </span>
     <span class='ocr_line' id='line_1_35' title="bbox 170 3075 2242 3145; baseline 0.001 -18"><span class='ocrx_word' id='word_1_312' title='bbox 170 3076 285 3128; x_wconf 88' lang='lat' dir='ltr'>sive</span> <span class='ocrx_word' id='word_1_313' title='bbox 327 3075 503 3128; x_wconf 90' lang='lat' dir='ltr'>relate</span> <span class='ocrx_word' id='word_1_314' title='bbox 547 3075 615 3127; x_wconf 85' lang='lat' dir='ltr'>ad</span> <span class='ocrx_word' id='word_1_315' title='bbox 657 3075 731 3142; x_wconf 87' lang='lat' dir='ltr'>id,</span> <span class='ocrx_word' id='word_1_316' title='bbox 775 3075 923 3145; x_wconf 90' lang='lat' dir='ltr'>quod</span> <span class='ocrx_word' id='word_1_317' title='bbox 963 3076 1142 3128; x_wconf 83' lang='lat' dir='ltr'>ultimo</span> <span class='ocrx_word' id='word_1_318' title='bbox 1182 3075 1403 3127; x_wconf 52' lang='lat' dir='ltr'>aclcl‘itur</span> <span class='ocrx_word' id='word_1_319' title='bbox 1445 3075 1511 3127; x_wconf 89' lang='lat' dir='ltr'>de</span> <span class='ocrx_word' id='word_1_320' title='bbox 1553 3075 1966 3129; x_wconf 89' lang='lat' dir='ltr'>infallibilitatis</span> <span class='ocrx_word' id='word_1_321' title='bbox 2008 3076 2242 3129; x_wconf 78' lang='lat' dir='ltr'>obiecto,</span> 
     </span>
    </p>

    <p class='ocr_par' dir='ltr' id='par_1_9' title="bbox 168 3160 2450 3576">
     <span class='ocr_line' id='line_1_36' title="bbox 324 3160 2446 3232; baseline 0 -19"><span class='ocrx_word' id='word_1_322' title='bbox 324 3160 402 3228; x_wconf 82' lang='lat' dir='ltr'>„L</span> <span class='ocrx_word' id='word_1_323' title='bbox 446 3160 637 3214; x_wconf 88' lang='lat' dir='ltr'>Verba</span> <span class='ocrx_word' id='word_1_324' title='bbox 687 3162 743 3213; x_wconf 91' lang='lat' dir='ltr'>in</span> <span class='ocrx_word' id='word_1_325' title='bbox 791 3180 936 3214; x_wconf 84' lang='lat' dir='ltr'>nova</span> <span class='ocrx_word' id='word_1_326' title='bbox 989 3162 1230 3215; x_wconf 89' lang='lat' dir='ltr'>formula</span> <span class='ocrx_word' id='word_1_327' title='bbox 1285 3166 1581 3231; x_wconf 88' lang='lat' dir='ltr'>usurpata,</span> <span class='ocrx_word' id='word_1_328' title='bbox 1639 3162 1682 3214; x_wconf 90' lang='lat' dir='ltr'>si</span> <span class='ocrx_word' id='word_1_329' title='bbox 1733 3164 1790 3215; x_wconf 75' lang='lat' dir='ltr'>in</span> <span class='ocrx_word' id='word_1_330' title='bbox 1838 3180 1892 3216; x_wconf 91' lang='grc'>36</span> <span class='ocrx_word' id='word_1_331' title='bbox 1942 3163 2070 3232; x_wconf 73' lang='lat' dir='ltr'>ipsis</span> <span class='ocrx_word' id='word_1_332' title='bbox 2109 3167 2446 3232; x_wconf 90' lang='lat' dir='ltr'>spectantur,</span> 
     </span>
     <span class='ocr_line' id='line_1_37' title="bbox 171 3246 2450 3317; baseline 0.001 -18"><span class='ocrx_word' id='word_1_333' title='bbox 171 3247 459 3300; x_wconf 90' lang='lat' dir='ltr'>continent</span> <span class='ocrx_word' id='word_1_334' title='bbox 511 3247 933 3301; x_wconf 87' lang='lat' dir='ltr'>restrictionem.</span> <span class='ocrx_word' id='word_1_335' title='bbox 1013 3247 1158 3300; x_wconf 83' lang='lat' dir='ltr'>Nam</span> <span class='ocrx_word' id='word_1_336' title='bbox 1206 3246 1335 3300; x_wconf 92' lang='lat' dir='ltr'>dum</span> <span class='ocrx_word' id='word_1_337' title='bbox 1378 3248 1653 3317; x_wconf 80' lang='lat' dir='ltr'>theologi,</span> <span class='ocrx_word' id='word_1_338' title='bbox 1708 3248 1752 3300; x_wconf 89' lang='lat' dir='ltr'>si</span> <span class='ocrx_word' id='word_1_339' title='bbox 1806 3253 1982 3300; x_wconf 88' lang='lat' dir='ltr'>totum</span> <span class='ocrx_word' id='word_1_340' title='bbox 2036 3248 2450 3301; x_wconf 87' lang='lat' dir='ltr'>infallibilitatis</span> 
     </span>
     <span class='ocr_line' id='line_1_38' title="bbox 170 3333 2446 3405; baseline 0 -19"><span class='ocrx_word' id='word_1_341' title='bbox 170 3333 449 3386; x_wconf 88' lang='lat' dir='ltr'>obiectum</span> <span class='ocrx_word' id='word_1_342' title='bbox 492 3334 683 3404; x_wconf 87' lang='lat' dir='ltr'>paucis</span> <span class='ocrx_word' id='word_1_343' title='bbox 713 3335 1031 3405; x_wconf 81' lang='lat' dir='ltr'>exprimere</span> <span class='ocrx_word' id='word_1_344' title='bbox 1067 3335 1276 3401; x_wconf 78' lang='lat' dir='ltr'>volunt,</span> <span class='ocrx_word' id='word_1_345' title='bbox 1322 3333 1505 3387; x_wconf 89' lang='lat' dir='ltr'>dicere</span> <span class='ocrx_word' id='word_1_346' title='bbox 1536 3334 1732 3400; x_wconf 86' lang='lat' dir='ltr'>solent,</span> <span class='ocrx_word' id='word_1_347' title='bbox 1774 3334 2083 3387; x_wconf 87' lang='lat' dir='ltr'>Ecclesiam</span> <span class='ocrx_word' id='word_1_348' title='bbox 2125 3334 2214 3387; x_wconf 79' lang='lat' dir='ltr'>vel</span> <span class='ocrx_word' id='word_1_349' title='bbox 2243 3334 2446 3387; x_wconf 83' lang='lat' dir='ltr'>Roma-</span> 
     </span>
     <span class='ocr_line' id='line_1_39' title="bbox 169 3419 2447 3490; baseline 0 -19"><span class='ocrx_word' id='word_1_350' title='bbox 169 3438 298 3472; x_wconf 89' lang='lat' dir='ltr'>num</span> <span class='ocrx_word' id='word_1_351' title='bbox 340 3419 669 3474; x_wconf 81' lang='lat' dir='ltr'>Pontificem</span> <span class='ocrx_word' id='word_1_352' title='bbox 726 3420 1079 3473; x_wconf 88' lang='lat' dir='ltr'>infallibilem</span> <span class='ocrx_word' id='word_1_353' title='bbox 1136 3438 1255 3474; x_wconf 88' lang='lat' dir='ltr'>esse</span> <span class='ocrx_word' id='word_1_354' title='bbox 1308 3420 1364 3472; x_wconf 90' lang='lat' dir='ltr'>in</span> <span class='ocrx_word' id='word_1_355' title='bbox 1404 3419 1571 3472; x_wconf 87' lang='lat' dir='ltr'>rebus</span> <span class='ocrx_word' id='word_1_356' title='bbox 1627 3437 1723 3472; x_wconf 89' lang='lat' dir='ltr'>seu</span> <span class='ocrx_word' id='word_1_357' title='bbox 1766 3420 2181 3490; x_wconf 87' lang='lat' dir='ltr'>quaestionibus</span> <span class='ocrx_word' id='word_1_358' title='bbox 2221 3420 2350 3472; x_wconf 88' lang='lat' dir='ltr'>fidei</span> <span class='ocrx_word' id='word_1_359' title='bbox 2392 3425 2447 3473; x_wconf 87' lang='lat' dir='ltr'>et</span> 
     </span>
     <span class='ocr_line' id='line_1_40' title="bbox 168 3504 2444 3576; baseline 0 -20"><span class='ocrx_word' id='word_1_360' title='bbox 168 3523 400 3571; x_wconf 85' lang='lat' dir='ltr'>morum,</span> <span class='ocrx_word' id='word_1_361' title='bbox 443 3506 557 3558; x_wconf 83' lang='lat' dir='ltr'>sive</span> <span class='ocrx_word' id='word_1_362' title='bbox 599 3504 669 3558; x_wconf 88' lang='lat' dir='ltr'>ad</span> <span class='ocrx_word' id='word_1_363' title='bbox 714 3506 877 3559; x_wconf 84' lang='lat' dir='ltr'>fidem</span> <span class='ocrx_word' id='word_1_364' title='bbox 921 3512 975 3559; x_wconf 90' lang='lat' dir='ltr'>et</span> <span class='ocrx_word' id='word_1_365' title='bbox 1017 3523 1198 3559; x_wconf 89' lang='lat' dir='ltr'>mores</span> <span class='ocrx_word' id='word_1_366' title='bbox 1227 3505 1622 3576; x_wconf 78' lang='lat' dir='ltr'>spectantibuS,</span> <span class='ocrx_word' id='word_1_367' title='bbox 1665 3523 1809 3558; x_wconf 88' lang='lat' dir='ltr'>nova</span> <span class='ocrx_word' id='word_1_368' title='bbox 1850 3506 1987 3559; x_wconf 90' lang='lat' dir='ltr'>haec</span> <span class='ocrx_word' id='word_1_369' title='bbox 2017 3506 2254 3559; x_wconf 88' lang='lat' dir='ltr'>formula</span> <span class='ocrx_word' id='word_1_370' title='bbox 2295 3505 2444 3571; x_wconf 88' lang='lat' dir='ltr'>dicit,</span> 
     </span>
    </p>
   </div>
   <div class='ocr_carea' id='block_1_7' title="bbox 316 3702 2442 3924">
    <p class='ocr_par' dir='ltr' id='par_1_10' title="bbox 316 3702 2442 3924">
     <span class='ocr_line' id='line_1_41' title="bbox 323 3702 2442 3766; baseline -0.003 -9"><span class='ocrx_word' id='word_1_371' title='bbox 323 3710 334 3736; x_wconf 87' lang='lat'><strong>¹</strong></span> <span class='ocrx_word' id='word_1_372' title='bbox 374 3710 454 3757; x_wconf 80' lang='lat' dir='ltr'>Ex</span> <span class='ocrx_word' id='word_1_373' title='bbox 493 3710 692 3757; x_wconf 87' lang='lat' dir='ltr'>diurnis</span> <span class='ocrx_word' id='word_1_374' title='bbox 731 3713 827 3757; x_wconf 90' lang='lat' dir='ltr'>etc.</span> <span class='ocrx_word' id='word_1_375' title='bbox 890 3706 947 3756; x_wconf 81' lang='lat' dir='ltr'>O.</span> <span class='ocrx_word' id='word_1_376' title='bbox 986 3707 1047 3754; x_wconf 91' lang='lat' dir='ltr'>V.</span> <span class='ocrx_word' id='word_1_377' title='bbox 1086 3708 1258 3753; x_wconf 73' lang='lat' dir='ltr'>lTOOa</span> <span class='ocrx_word' id='word_1_378' title='bbox 1297 3720 1405 3766; x_wconf 80' lang='lat' dir='ltr'>sqq.</span> <span class='ocrx_word' id='word_1_379' title='bbox 1591 3704 1606 3731; x_wconf 79' lang='lat'><strong>²</strong></span> <span class='ocrx_word' id='word_1_380' title='bbox 1643 3705 1722 3751; x_wconf 84' lang='lat' dir='ltr'>Ex</span> <span class='ocrx_word' id='word_1_381' title='bbox 1761 3705 1891 3752; x_wconf 91' lang='lat' dir='ltr'>actis</span> <span class='ocrx_word' id='word_1_382' title='bbox 1930 3709 2026 3752; x_wconf 87' lang='lat' dir='ltr'>etc.</span> <span class='ocrx_word' id='word_1_383' title='bbox 2076 3702 2132 3751; x_wconf 77' lang='lat' dir='ltr'>O.</span> <span class='ocrx_word' id='word_1_384' title='bbox 2162 3702 2226 3751; x_wconf 87' lang='lat' dir='ltr'>V.</span> <span class='ocrx_word' id='word_1_385' title='bbox 2257 3704 2442 3751; x_wconf 79' lang='lat' dir='ltr'>1685a.</span> 
     </span>
     <span class='ocr_line' id='line_1_42' title="bbox 317 3786 1148 3835; baseline -0.002 -1"><span class='ocrx_word' id='word_1_386' title='bbox 317 3786 331 3813; x_wconf 79' lang='grc'>3</span> <span class='ocrx_word' id='word_1_387' title='bbox 373 3787 587 3835; x_wconf 75' lang='lat' dir='ltr'>Schema</span> <span class='ocrx_word' id='word_1_388' title='bbox 626 3791 722 3835; x_wconf 89' lang='lat' dir='ltr'>etc.</span> <span class='ocrx_word' id='word_1_389' title='bbox 796 3787 851 3835; x_wconf 81' lang='lat' dir='ltr'>O.</span> <span class='ocrx_word' id='word_1_390' title='bbox 888 3787 950 3833; x_wconf 92' lang='lat' dir='ltr'>V.</span> <span class='ocrx_word' id='word_1_391' title='bbox 991 3786 1148 3833; x_wconf 77' lang='lat' dir='ltr'><strong>273b.</strong></span> 
     </span>
     <span class='ocr_line' id='line_1_43' title="bbox 316 3860 2442 3924; baseline -0.003 -12"><span class='ocrx_word' id='word_1_392' title='bbox 316 3864 334 3891; x_wconf 67' lang='lat'>³*</span> <span class='ocrx_word' id='word_1_393' title='bbox 372 3865 451 3911; x_wconf 81' lang='lat' dir='ltr'>Ex</span> <span class='ocrx_word' id='word_1_394' title='bbox 490 3866 685 3912; x_wconf 90' lang='lat' dir='ltr'>diurnis</span> <span class='ocrx_word' id='word_1_395' title='bbox 726 3869 821 3912; x_wconf 85' lang='lat' dir='ltr'>etc.</span> <span class='ocrx_word' id='word_1_396' title='bbox 891 3864 945 3913; x_wconf 79' lang='lat' dir='ltr'>C.</span> <span class='ocrx_word' id='word_1_397' title='bbox 985 3864 1047 3912; x_wconf 87' lang='lat' dir='ltr'>V.</span> <span class='ocrx_word' id='word_1_398' title='bbox 1090 3864 1279 3912; x_wconf 69' lang='grc'>1701)(1.</span> <span class='ocrx_word' id='word_1_399' title='bbox 1321 3893 1381 3899; x_wconf 89' lang='lat'>—</span> <span class='ocrx_word' id='word_1_400' title='bbox 1420 3863 1639 3924; x_wconf 81' lang='lat' dir='ltr'>Aliquas</span> <span class='ocrx_word' id='word_1_401' title='bbox 1678 3877 1741 3909; x_wconf 83' lang='lat' dir='ltr'>ex</span> <span class='ocrx_word' id='word_1_402' title='bbox 1776 3860 2223 3909; x_wconf 86' lang='lat' dir='ltr'>emendationibus</span> <span class='ocrx_word' id='word_1_403' title='bbox 2260 3872 2442 3921; x_wconf 87' lang='lat' dir='ltr'>propo·</span> 
     </span>
    </p>
   </div>
   <div class='ocr_carea' id='block_1_8' title="bbox 168 3942 1036 4004">
    <p class='ocr_par' dir='ltr' id='par_1_11' title="bbox 168 3942 1036 4004">
     <span class='ocr_line' id='line_1_44' title="bbox 168 3942 1036 4004; baseline -0.001 -15"><span class='ocrx_word' id='word_1_404' title='bbox 168 3942 278 3990; x_wconf 92' lang='lat' dir='ltr'>sitis</span> <span class='ocrx_word' id='word_1_405' title='bbox 316 3943 476 3990; x_wconf 88' lang='lat' dir='ltr'>habes</span> <span class='ocrx_word' id='word_1_406' title='bbox 515 3942 569 3990; x_wconf 76' lang='lat' dir='ltr'>O.</span> <span class='ocrx_word' id='word_1_407' title='bbox 608 3943 671 3990; x_wconf 92' lang='lat' dir='ltr'>V.</span> <span class='ocrx_word' id='word_1_408' title='bbox 715 3945 890 3989; x_wconf 69' lang='lat' dir='ltr'>1704a</span> <span class='ocrx_word' id='word_1_409' title='bbox 928 3957 1036 4004; x_wconf 86' lang='lat' dir='ltr'>sqq.</span> 
     </span>
    </p>
   </div>
  </div>
 </body>
</html>
