2548 4290
245 138 313 190 46
378 139 491 180 Pars
516 138 552 179 1.
604 137 757 179 Const.
786 136 840 177 de
865 135 965 177 fide.
1018 134 1129 190 Cap.
1155 135 1214 176 ΙΙ.
1262 134 1561 177 Commentat.
1605 131 1856 175 Comment.
1880 132 1939 173 ΙΙ.
1990 132 2059 173 De
2086 144 2216 185 cogn.
2241 135 2332 173 nat.
2360 131 2461 174 Dei.

244 286 570 353 traditioniS,
612 285 882 356 quidquid
923 286 992 338 sit
1034 285 1137 338 hac
1180 284 1246 338 de
1290 302 1379 351 re,
1424 283 1492 336 de
1537 300 1646 354 qua
1685 282 1921 334 multum
1963 280 2304 351 disputatum
2345 285 2429 333 est
2469 285 2525 334 et

245 370 512 440 disputari
552 375 764 441 potest,
823 370 920 423 sed
963 370 1245 441 apostolus
1288 369 1514 435 Paulus,
1567 385 1691 420 cum
1731 367 1867 420 haec
1907 365 2127 433 scribit,
2180 365 2399 418 nonnisi
2453 365 2522 419 ad

245 456 612 524 cognitionem
655 455 764 508 Dei
805 456 1114 509 naturalem
1157 473 1255 525 per
1297 453 1585 524 speculum
1627 458 2005 505 creaturarum
2046 451 2288 523 respicit.
2352 450 2523 521 ErgO,

245 540 369 592 Rffli
408 541 817 609 Patrem—certe
860 559 1024 594 causa
1064 542 1212 594 iusta
1251 540 1406 593 nulla
1445 539 1619 604 adest,
1661 557 1755 591 cur
1796 539 1979 592 animo
2022 542 2298 608 angantur
2326 536 2523 590 Patres

245 626 592 679 enunciando
634 626 804 680 verba
832 627 928 679 illa
969 627 1270 694 ,hominem
1297 626 1506 678 lumine
1536 624 1776 677 naturali
1804 642 1964 696 posse
1995 629 2145 677 certo
2188 638 2522 693 cognoscere

242 709 443 778 Deum,
486 729 668 764 rerum
712 712 955 765 omnium
998 712 1331 782 principium
1372 717 1427 765 et
1466 709 1746 763 finem‘.“¹

390 803 573 865 Quum
614 806 681 858 de
711 805 1191 858 emendationibus
1221 805 1276 857 in
1304 822 1548 857 canonem
1592 802 1888 874 propositis
1922 805 2129 871 ageret,
2173 800 2521 854 Brixinensis

242 888 452 955 aiebat,
508 890 654 960 quod
696 890 763 944 de
805 891 1000 962 capitis
1040 890 1522 944 emendationibus
1565 890 1824 956 dixisset,
1878 887 1934 940 id
1977 889 2142 941 etiam
2183 887 2238 961 in
2279 887 2522 959 priorem

243 973 393 1026 illam
435 976 660 1027 canonis
702 975 1149 1029 emendationem
1192 976 1379 1029 valere
1400 974 1438 1028 ².
1519 975 1604 1028 De
1646 975 1822 1028 altera
1863 974 2090 1028 canonis
2132 972 2521 1026 emendatione

240 1058 376 1112 haec
417 1060 834 1113 animadvertit:
884 1061 1086 1128 „Rffius
1129 1067 1320 1114 auctor
1362 1061 1524 1113 huius
1567 1060 1918 1131 exceptionis
1959 1059 2077 1111 vult
2118 1057 2295 1111 deleri
2336 1057 2523 1125 ,Crea-

242 1148 419 1198 torem
463 1150 516 1198 et
556 1145 858 1199 Dominum
913 1148 1180 1199 nostrum‘
1231 1147 1287 1199 in
1341 1164 1552 1199 canone
1594 1146 1802 1217 primo,
1857 1148 1912 1198 et
1953 1144 2178 1215 quidem
2220 1161 2288 1196 ea
2328 1160 2398 1196 ex
2439 1160 2523 1195 ra-

243 1230 414 1298 tione,
453 1248 522 1283 ne
563 1230 851 1284 videamur
895 1231 1104 1285 directe
1148 1232 1361 1300 dicere,
1404 1232 1739 1285 creationem
1783 1231 2025 1284 omnium
2068 1247 2256 1283 rerum
2296 1229 2521 1300 proprie

243 1315 318 1366 sic
362 1315 561 1369 dictam
602 1317 719 1370 sola
759 1318 975 1371 ratione
1018 1323 1168 1371 certo
1213 1318 1472 1387 cognosci
1513 1335 1702 1388 posse,
1757 1317 1834 1369 ita
1874 1315 2129 1387 quidem,
2179 1319 2240 1367 ut
2292 1313 2522 1367 anathe-

241 1407 384 1454 mate
429 1401 773 1455 damnandus
806 1403 875 1456 sit
904 1404 1015 1471 ille,
1059 1405 1151 1475 qui
1181 1404 1518 1456 contrarium
1547 1409 1763 1469 teneat;
1807 1401 2075 1470 etinfert,
2120 1400 2268 1472 quod
2311 1401 2517 1453 creatio

242 1488 461 1556 proprie
513 1488 587 1540 sic
629 1488 774 1541 dicta
814 1489 1022 1542 lumine
1075 1489 1315 1542 naturali
1369 1489 1629 1559 cognosci
1682 1507 1793 1542 non
1833 1488 2042 1560 possit,
2097 1488 2238 1540 sicut
2291 1486 2521 1539 historia

238 1572 623 1644 philosophica
663 1579 914 1628 testatur.
958 1575 1082 1628 Rffii
1123 1576 1337 1643 PatreS,
1382 1593 1575 1628 verum
1617 1581 1714 1643 est,
1758 1574 1905 1646 quod
1945 1580 2196 1644 tempore
2241 1571 2294 1625 S.
2335 1572 2518 1625 Bona-

238 1663 504 1712 venturae
556 1661 790 1712 multum
844 1661 1183 1731 disputatum
1238 1661 1406 1714 fuerit
1459 1666 1513 1714 et
1555 1660 1925 1732 disceptatum
1978 1660 2035 1712 in
2088 1658 2290 1712 scholis
2332 1656 2521 1710 catho-

240 1743 384 1809 licis,
434 1749 618 1798 utrum
669 1745 985 1818 philosophi
1040 1748 1253 1818 antiqui
1304 1748 1543 1818 gentiles
1596 1749 1935 1800 creationem
1987 1744 2181 1799 mundi
2233 1762 2307 1798 ex
2345 1743 2519 1797 nihilo

241 1832 601 1899 cognoverint
641 1850 848 1885 necne:
910 1833 1006 1885 sed
1058 1833 1161 1886 hac
1219 1833 1286 1886 de
1343 1851 1401 1886 re
1460 1850 1650 1886 omnes
1703 1832 2073 1900 conveniunt,
2136 1830 2283 1902 quod
2323 1829 2519 1883 saltem

241 1916 519 1983 potuerint
562 1935 897 1988 cognoscere
943 1917 1121 1971 Deum
1167 1924 1490 1972 creatorem.
1571 1918 1644 1971 Et
1684 1936 1878 1988 reapse
1921 1918 1977 1970 ni
2017 1916 2197 1984 fallor,
2239 1916 2283 1968 si
2324 1933 2519 1968 veruti

239 2017 459 2053 sensum
513 2003 709 2056 saltem
750 2003 1070 2057 Aristotelis
1124 2010 1406 2057 assecutus
1447 2003 1677 2070 fuerim,
1732 2003 2064 2056 Aristoteles
2117 2001 2290 2055 multo
2343 2000 2519 2072 magis

239 2084 294 2136 in
324 2103 388 2138 eo
417 2088 640 2156 erravit,
685 2089 832 2159 quod
861 2088 1176 2156 crediderit,
1221 2088 1489 2141 mundum
1525 2106 1644 2142 esse
1673 2096 1979 2159 aeternum,
2024 2106 2189 2159 quam
2219 2086 2365 2158 quod
2403 2103 2518 2140 cre-

241 2169 470 2241 diderit,
524 2174 791 2227 mundum
844 2193 953 2228 non
1008 2174 1176 2228 fuisse
1221 2181 1465 2228 creatum
1518 2193 1549 2228 a
1590 2174 1732 2228 Deo.
1815 2174 2020 2245 Utique
2074 2179 2310 2243 uterque
2365 2190 2517 2226 erro·

239 2256 422 2326 aliquo
481 2258 731 2312 interiori
792 2278 944 2313 nexu
1000 2260 1144 2313 inter
1197 2278 1253 2313 se
1309 2260 1674 2314 connectitur.
1754 2259 2057 2330 Deputatio
2112 2259 2179 2312 de
2236 2257 2342 2312 fide
2383 2275 2515 2311 vero

239 2343 471 2412 putavit,
513 2362 623 2397 non
664 2345 768 2398 sibi
808 2345 975 2398 licere
1017 2362 1268 2398 resecare
1311 2346 1368 2397 in
1404 2363 1616 2398 canone
1645 2363 1839 2399 vocem
1868 2344 2246 2411 ,Creatorem‘,
2290 2344 2419 2415 quia
2459 2343 2515 2396 in

238 2426 379 2480 libro
424 2429 741 2500 Sapientiae
794 2450 905 2484 vox
946 2432 1050 2484 ista
1091 2432 1312 2485 omnino
1368 2431 1689 2498 adhibetur,
1746 2437 1800 2485 et
1852 2449 2042 2485 vocem
2086 2431 2288 2485 Sacrae
2332 2430 2513 2502 Scrip-

243 2516 394 2567 turae
437 2533 720 2587 resecare,
781 2535 904 2570 cum
948 2523 1145 2588 agatur
1187 2517 1254 2571 de
1296 2536 1354 2571 re
1404 2536 1627 2589 prorsus
1681 2517 1907 2586 eadem,
1965 2517 2253 2590 deputatio
2297 2516 2365 2570 de
2407 2515 2515 2569 fide

241 2598 451 2652 licitum
494 2620 604 2655 non
644 2605 911 2674 putavit.“
937 2601 958 2635 3

387 2693 582 2765 Itaque
626 2697 866 2750 ostendit
907 2697 1273 2766 Brixinensis,
1315 2697 1485 2751 verba
1526 2698 1623 2751 illa
1664 2702 1811 2751 recte
1854 2696 2102 2764 retineri,
2147 2696 2376 2767 eiusque
2419 2714 2507 2749 ex·

240 2778 568 2847 positionem
611 2783 1044 2853 comprobarunt
1086 2783 1299 2837 PatreS.

387 2871 691 2926 Definitum
734 2876 903 2945 igitur
945 2882 1055 2942 est,
1110 2875 1293 2929 Deum
1346 2894 1513 2928 unum
1571 2881 1624 2929 et
1665 2894 1890 2944 verum,
1946 2873 2266 2928 Creatorem
2309 2879 2364 2927 et
2403 2873 2510 2927 Do·

241 2956 448 3009 minum
490 2965 763 3029 nostrum,
805 2979 988 3013 rerum
1034 2962 1278 3014 omnium
1317 2961 1651 3032 principium
1693 2967 1747 3014 et
1786 2961 1971 3026 finem,
2015 2959 2253 3013 naturali
2294 2964 2512 3012 nostrae

240 3041 466 3095 rationis
490 3044 696 3098 lumine
722 3051 871 3098 certo
895 3047 1153 3115 cognosci
1175 3065 1335 3117 posse
1358 3069 1368 3113 3
1401 3065 1510 3100 non
1530 3052 1715 3100 autem
1741 3046 2027 3099 definitum
2058 3049 2156 3113 est,
2186 3044 2513 3097 naturaliter

239 3132 385 3179 certo
429 3131 688 3198 cognosci
728 3149 907 3201 posse,
950 3149 1075 3183 euni
1118 3150 1204 3184 res
1247 3133 1525 3185 creatione
1568 3132 1789 3203 proprie
1833 3132 2005 3197 dicta,
2060 3131 2093 3183 i.
2137 3148 2184 3184 e.
2227 3148 2298 3183 ex
2340 3130 2513 3183 nihilo

239 3229 335 3265 seu
388 3231 496 3266 non
555 3216 873 3285 proiacente
916 3218 1149 3270 materia.
1202 3218 1548 3289 produxisse.
1629 3218 1695 3271 Id
1735 3218 1791 3270 in
1845 3235 2055 3270 canone
2109 3234 2219 3269 non
2278 3216 2512 3285 definiri,

238 3298 368 3351 licet
408 3299 483 3352 ibi
526 3309 778 3355 occurrat
816 3321 927 3355 vox
970 3302 1278 3371 CreatoriS,
1320 3309 1514 3374 aperta
1556 3303 1930 3375 deputationis
1972 3302 2345 3356 declaratione
2386 3319 2511 3355 con-

240 3389 382 3436 stare
424 3385 631 3454 supra4
671 3387 924 3440 vidimus.
1004 3389 1169 3442 Patet
1212 3395 1425 3457 autem,
1469 3390 1525 3442 id
1567 3389 1636 3442 ad
1679 3395 1869 3460 caput,
1923 3389 1979 3440 in
2022 3406 2128 3459 quo
2170 3388 2324 3441 Deus
2364 3388 2513 3460 prin-

240 3470 444 3540 cipium
486 3489 669 3524 rerum
712 3475 954 3526 omnium
999 3475 1325 3528 naturaliter
1369 3481 1518 3528 certo
1562 3475 1822 3545 cognosci
1866 3491 2024 3545 posse
2068 3473 2296 3540 dicitur,
2336 3480 2512 3527 trans-

239 3554 372 3607 ferri
414 3556 635 3610 debere.

392 3759 407 3786 ¹
444 3760 648 3809 Relatio
688 3766 786 3811 etc.
860 3762 914 3811 O.
953 3763 1015 3811 V.
1055 3765 1196 3813 2361)
1237 3779 1347 3827 sqq.
1532 3762 1547 3789 ²
1586 3763 1716 3812 Ibid.
1790 3762 1845 3811 C.
1882 3762 1945 3810 V.
1984 3763 2077 3808 ‘243
2093 3777 2137 3809 a.

387 3836 403 3863 ³
441 3838 573 3887 Ibid.
647 3837 701 3887 O.
741 3839 803 3888 V.
842 3842 935 3887 243
976 3857 1021 3889 3.
1059 3840 1108 3888 b.
1289 3840 1308 3867 4
1345 3840 1401 3889 P.
1440 3842 1521 3889 42.
