2548 4290
785 898 1079 984 PARS
1146 897 1520 982 PRIOR.

108 1088 958 1187 CONSTITUTIONIS
1025 1088 1694 1182 DOGMATIOAE
1758 1086 1893 1175 DE
1957 1083 2206 1174 FIDE

828 1229 1478 1323 EXPLIOATIO.

724 1558 1072 1627 CAPUT
1136 1557 1591 1625 PRIMUM.

240 1713 482 1767 Historia
523 1713 753 1784 originis
796 1713 1209 1767 constitutionis
1252 1711 1317 1765 (le
1360 1712 1464 1766 fide
1508 1713 1563 1765 et
1605 1710 1918 1765 conciliaris
1961 1709 2078 1762 eius

923 1802 1396 1873 comprobationis.

226 1942 380 1994 UAE
423 1941 818 1994 Constitutione
874 1943 1180 2011 dogmatica
1232 1941 1296 1993 de
1350 1941 1455 1992 fide
1510 1941 1879 2005 eontinentur,
1933 1939 2044 1991 fere
2100 1938 2277 1989 omnia

264 2027 508 2096 proxime
539 2026 825 2096 desumpta
851 2036 974 2078 sunt
1002 2045 1071 2078 ex
1099 2028 1387 2089 schemate,
1433 2025 1576 2094 quod
1605 2032 1728 2076 ante
1759 2024 2059 2076 Concilium
2089 2042 2119 2074 a
2149 2022 2277 2090 dog-

265 2110 460 2162 matica
500 2110 881 2178 theologorum
910 2111 1284 2162 commissione
1314 2116 1561 2178 paratum
1590 2108 1986 2160 inscribebatur
2017 2108 2280 2173 „Schema

56 2194 465 2249 Constitutionis
493 2194 832 2262 dogmaticae
857 2194 921 2246 de
950 2195 1194 2247 doctrina
1213 2193 1477 2245 catholica
1506 2201 1693 2244 contra
1715 2193 2042 2262 multiplices
2067 2209 2278 2243 errores

55 2297 125 2332 ex
164 2277 531 2330 rationalismo
573 2277 874 2329 derivatos“
903 2277 934 2331 ¹.
984 2278 1047 2330 Id
1089 2295 1253 2346 quum
1295 2277 1363 2328 ad
1393 2277 1847 2329 Constitutionem
1892 2276 1958 2328 de
1987 2275 2092 2327 fide
2132 2279 2278 2326 recte

56 2361 436 2432 explicandam
478 2362 669 2412 summi
711 2362 970 2413 momenti
1013 2362 1104 2424 sit7
1159 2378 1320 2429 saepe
1363 2360 1906 2412 commemorabimus
1948 2365 2001 2411 et
2042 2359 2277 2410 breviter

55 2447 294 2498 dicemus
333 2445 543 2496 Schema
581 2443 640 2496 cle
679 2444 911 2496 doctrina
949 2446 1201 2497 catholica.

200 2528 359 2589 Quod
398 2527 614 2579 schema
654 2528 1046 2596 complectitur,
1089 2535 1146 2579 ut
1186 2525 1667 2579 animadvertunt²
1708 2527 1978 2596 theologi,
2019 2544 2050 2577 a
2090 2525 2282 2595 quibus

57 2614 314 2682 scriptum
357 2616 452 2676 est,
505 2616 645 2679 „tres
687 2617 867 2680 partes
907 2612 1242 2681 praecipuas,
1321 2611 1384 2662 In
1421 2613 1597 2679 prima
1638 2616 1791 2679 parte
1834 2611 1972 2679 (cap.
2020 2614 2063 2661 1.
2106 2609 2160 2676 2)
2203 2620 2284 2661 est

63 2713 159 2764 per
199 2695 416 2746 modum
460 2695 833 2747 detestationis
875 2695 1254 2747 condemnatio
1294 2696 1642 2746 rationalismz'
1679 2695 1893 2745 absoluti
1943 2694 2040 2744 sub
2083 2693 2283 2763 triplici

57 2779 171 2830 eius
210 2778 382 2830 forma
420 2779 800 2844 materialismi,
850 2780 1160 2847 pantlzeismi
1199 2784 1252 2830 et
1292 2779 1647 2830 rationalismi
1690 2778 1926 2847 pressius
1968 2777 2126 2843 dieti,
2169 2795 2281 2843 seu,

57 2866 116 2912 ut
156 2862 335 2925 aiunt,
383 2863 727 2913 rate’onalismi
772 2864 1015 2931 vulqarz's.
1093 2863 1158 2914 In
1208 2863 1429 2914 secunda
1481 2874 1533 2914 et
1584 2864 1729 2913 tertia
1782 2866 1932 2929 parte
1985 2862 2165 2929 agitur
2217 2862 2282 2912 de

58 2946 535 2998 semiratc'onalz'smo
574 2963 668 2997 seu
711 2945 777 2996 de
817 2946 1184 2998 rationalismo
1215 2946 1605 3016 temperatiori,
1647 2947 1736 3015 qui
1779 2945 2114 2997 derivatione
2157 2962 2285 3014 qua-

60 3027 183 3079 dam
224 3046 255 3079 a
293 3029 467 3096 primo
519 3028 611 3080 illo
665 3029 826 3098 pleno
879 3030 1229 3081 naturalismo
1271 3035 1630 3099 propagatuS‚
1684 3029 1752 3081 ad
1804 3029 2050 3081 homines
2104 3029 2285 3094 etiam,

60 3112 151 3180 qui
202 3112 491 3163 christiano
533 3113 750 3164 nomine
790 3113 1118 3180 gloriantur,
1162 3114 1399 3183 pervasit
1440 3120 1493 3165 et
1534 3113 1602 3165 ad
1643 3114 1794 3165 varia
1831 3118 2127 3182 systemata
2166 3112 2285 3163 red-

6 3231 9 3234 -
60 3199 210 3246 actus
250 3194 374 3245 hinc
413 3194 539 3246 inde
581 3195 635 3246 in
675 3195 886 3247 scholas
928 3196 1187 3264 quasdam
1229 3197 1479 3248 coaluit“.

212 3277 308 3343 „In
345 3278 565 3329 secunda
616 3284 771 3348 parte
819 3280 999 3347 itaque
1057 3279 1194 3349 (cap.
1236 3280 1436 3345 3—11)
1480 3280 1772 3349 exponitur
1824 3279 2069 3331 doctrina
2108 3278 2289 3330 catho-

63 3358 167 3410 lica
207 3366 391 3412 contra
429 3365 792 3429 temperatum
844 3363 1272 3414 rationalismum
1314 3364 1608 3432 spectando
1659 3363 1810 3413 illum
1856 3362 2154 3415 secundum
2194 3379 2290 3412 sua

58 3443 322 3510 principia
347 3443 638 3510 formalia;
686 3446 864 3513 agitur
904 3446 1159 3496 nimirum
1201 3445 1266 3497 de
1309 3447 1616 3514 cognitione
1659 3447 1950 3497 christiana
1990 3463 2087 3514 per
2126 3443 2289 3495 tidem

65 3524 300 3576 divinam
339 3526 393 3576 in
434 3528 834 3595 comparatione
884 3545 1005 3579 cum
1047 3529 1270 3580 scientia
1309 3530 1559 3580 rationali
1600 3534 1651 3580 et
1681 3529 1913 3581 naturali
1954 3535 2115 3597 atque
2158 3527 2282 3578 inde

214 3699 228 3725 ¹
266 3699 326 3745 V.
363 3700 527 3761 ipsum
563 3701 766 3747 schema
802 3700 855 3748 O.
892 3701 953 3748 V.
993 3702 1130 3747 507a
1168 3716 1303 3762 sqq.,
1353 3702 1708 3748 adnotationes
1757 3717 1785 3748 a
1823 3701 2075 3762 theologis
2124 3700 2168 3747 ei
2205 3700 2289 3746 ad-

71 3774 229 3822 iectas
264 3776 382 3823 ibid.
420 3776 553 3823 5180
589 3792 697 3838 sqq.
734 3804 794 3810 —
832 3777 1052 3838 Singulis
1091 3776 1483 3824 Constitutionis
1522 3780 1581 3824 de
1617 3778 1714 3824 fide
1761 3778 1991 3839 partibus
2028 3777 2290 3823 adnotabi-

69 3868 205 3912 mus,
255 3868 317 3899 ex
354 3854 535 3914 quibus
573 3855 841 3901 schematis
879 3855 940 3902 de
978 3855 1209 3902 doctrina
1247 3855 1497 3902 catholica
1533 3855 1784 3916 capitibus
1835 3855 2133 3915 desumptae
2170 3854 2284 3899 sint.

216 3928 231 3954 ²
268 3928 477 3975 Schema
513 3930 573 3976 de
611 3930 840 3977 doctrina
876 3931 1140 3978 catholica.
1212 3931 1265 3978 O.
1301 3932 1361 3977 V.
1400 3932 1540 3978 518d
1577 3947 1686 3993 sqq.
