<?xml version="1.0" encoding="UTF-8"?>
<!DOCTYPE html PUBLIC "-//W3C//DTD XHTML 1.0 Transitional//EN"
    "http://www.w3.org/TR/xhtml1/DTD/xhtml1-transitional.dtd">
<html xmlns="http://www.w3.org/1999/xhtml" xml:lang="en" lang="en">
 <head>
  <title>
</title>
<meta http-equiv="Content-Type" content="text/html;charset=utf-8" />
  <meta name='ocr-system' content='tesseract 3.04.00' />
  <meta name='ocr-capabilities' content='ocr_page ocr_carea ocr_par ocr_line ocrx_word'/>
</head>
<body>
  <div class='ocr_page' id='page_1' title='image "a584483100granuoft_0084.png"; bbox 0 0 2548 4290; ppageno 0'>
   <div class='ocr_carea' id='block_1_1' title="bbox 222 126 2289 183">
    <p class='ocr_par' dir='ltr' id='par_1_1' title="bbox 222 126 2289 183">
     <span class='ocr_line' id='line_1_1' title="bbox 222 126 2289 183; baseline -0.001 -10"><span class='ocrx_word' id='word_1_1' title='bbox 222 129 289 182; x_wconf 85' lang='lat'>70</span> <span class='ocrx_word' id='word_1_2' title='bbox 427 132 542 173; x_wconf 89' lang='lat' dir='ltr'>Pars</span> <span class='ocrx_word' id='word_1_3' title='bbox 573 130 608 170; x_wconf 91' lang='lat' dir='ltr'>I.</span> <span class='ocrx_word' id='word_1_4' title='bbox 666 128 821 171; x_wconf 89' lang='lat' dir='ltr'>Const.</span> <span class='ocrx_word' id='word_1_5' title='bbox 856 128 911 170; x_wconf 89' lang='lat' dir='ltr'>de</span> <span class='ocrx_word' id='word_1_6' title='bbox 942 128 1043 171; x_wconf 90' lang='lat' dir='ltr'>fide.</span> <span class='ocrx_word' id='word_1_7' title='bbox 1109 127 1219 183; x_wconf 90' lang='lat' dir='ltr'>Cap.</span> <span class='ocrx_word' id='word_1_8' title='bbox 1253 128 1337 169; x_wconf 90' lang='lat'>111.</span> <span class='ocrx_word' id='word_1_9' title='bbox 1390 128 1499 183; x_wconf 89' lang='lat' dir='ltr'>Ipsa</span> <span class='ocrx_word' id='word_1_10' title='bbox 1534 126 1727 170; x_wconf 87' lang='lat' dir='ltr'>Constit.</span> <span class='ocrx_word' id='word_1_11' title='bbox 1761 140 1865 170; x_wconf 91' lang='lat' dir='ltr'>cum</span> <span class='ocrx_word' id='word_1_12' title='bbox 1898 127 2289 171; x_wconf 80' lang='lat' dir='ltr'><strong>adnotationibus.</strong></span> 
     </span>
    </p>
   </div>
   <div class='ocr_carea' id='block_1_2' title="bbox 217 274 2491 582">
    <p class='ocr_par' dir='ltr' id='par_1_2' title="bbox 217 274 2491 582">
     <span class='ocr_line' id='line_1_2' title="bbox 219 274 2486 345; baseline -0.001 -17"><span class='ocrx_word' id='word_1_13' title='bbox 219 275 456 329; x_wconf 90' lang='lat' dir='ltr'>deficiat.</span> <span class='ocrx_word' id='word_1_14' title='bbox 533 274 620 327; x_wconf 94' lang='lat' dir='ltr'>De</span> <span class='ocrx_word' id='word_1_15' title='bbox 670 279 906 344; x_wconf 90' lang='lat' dir='ltr'>utraque</span> <span class='ocrx_word' id='word_1_16' title='bbox 948 275 1097 327; x_wconf 91' lang='lat' dir='ltr'>enim</span> <span class='ocrx_word' id='word_1_17' title='bbox 1146 293 1205 328; x_wconf 92' lang='lat' dir='ltr'>re</span> <span class='ocrx_word' id='word_1_18' title='bbox 1247 274 1445 328; x_wconf 90' lang='lat' dir='ltr'>eodem</span> <span class='ocrx_word' id='word_1_19' title='bbox 1486 292 1709 345; x_wconf 87' lang='lat' dir='ltr'>prorsus</span> <span class='ocrx_word' id='word_1_20' title='bbox 1759 274 1923 327; x_wconf 91' lang='lat' dir='ltr'>modo</span> <span class='ocrx_word' id='word_1_21' title='bbox 1963 274 2225 345; x_wconf 92' lang='lat' dir='ltr'>loquitur.</span> <span class='ocrx_word' id='word_1_22' title='bbox 2308 274 2486 341; x_wconf 83' lang='lat' dir='ltr'>„Illi‚“</span> 
     </span>
     <span class='ocr_line' id='line_1_3' title="bbox 217 359 2491 431; baseline -0 -18"><span class='ocrx_word' id='word_1_23' title='bbox 217 361 424 431; x_wconf 88' lang='lat' dir='ltr'>inquit,</span> <span class='ocrx_word' id='word_1_24' title='bbox 482 360 607 430; x_wconf 86' lang='lat' dir='ltr'>„qui</span> <span class='ocrx_word' id='word_1_25' title='bbox 657 359 824 413; x_wconf 90' lang='lat' dir='ltr'>fidem</span> <span class='ocrx_word' id='word_1_26' title='bbox 864 359 964 412; x_wconf 88' lang='lat' dir='ltr'>sub</span> <span class='ocrx_word' id='word_1_27' title='bbox 1005 359 1291 413; x_wconf 78' lang='lat' dir='ltr'>Ecclesiae</span> <span class='ocrx_word' id='word_1_28' title='bbox 1333 359 1655 429; x_wconf 84' lang='lat' dir='ltr'>magisterio</span> <span class='ocrx_word' id='word_1_29' title='bbox 1697 365 2090 429; x_wconf 89' lang='lat' dir='ltr'>susceperunt,</span> <span class='ocrx_word' id='word_1_30' title='bbox 2144 359 2354 413; x_wconf 92' lang='lat' dir='ltr'>nullam</span> <span class='ocrx_word' id='word_1_31' title='bbox 2390 378 2491 412; x_wconf 90' lang='lat' dir='ltr'>un-</span> 
     </span>
     <span class='ocr_line' id='line_1_4' title="bbox 219 443 2491 515; baseline -0.001 -17"><span class='ocrx_word' id='word_1_32' title='bbox 219 462 383 515; x_wconf 84' lang='lat' dir='ltr'><strong>quam</strong></span> <span class='ocrx_word' id='word_1_33' title='bbox 440 443 646 496; x_wconf 88' lang='lat' dir='ltr'>habere</span> <span class='ocrx_word' id='word_1_34' title='bbox 700 448 932 515; x_wconf 81' lang='lat' dir='ltr'>possunt</span> <span class='ocrx_word' id='word_1_35' title='bbox 985 444 1188 497; x_wconf 90' lang='lat' dir='ltr'>iustam</span> <span class='ocrx_word' id='word_1_36' title='bbox 1245 461 1467 497; x_wconf 90' lang='lat' dir='ltr'>causam</span> <span class='ocrx_word' id='word_1_37' title='bbox 1522 444 1768 497; x_wconf 75' lang='lat' dir='ltr'>mutandi</span> <span class='ocrx_word' id='word_1_38' title='bbox 1817 450 1910 497; x_wconf 73' lang='lat' dir='ltr'>aut</span> <span class='ocrx_word' id='word_1_39' title='bbox 1960 445 2017 496; x_wconf 75' lang='lat' dir='ltr'>in</span> <span class='ocrx_word' id='word_1_40' title='bbox 2058 443 2278 496; x_wconf 75' lang='lat' dir='ltr'>dubium</span> <span class='ocrx_word' id='word_1_41' title='bbox 2322 444 2491 514; x_wconf 81' lang='lat' dir='ltr'>fidem</span> 
     </span>
     <span class='ocr_line' id='line_1_5' title="bbox 217 528 799 582; baseline 0 -1"><span class='ocrx_word' id='word_1_42' title='bbox 217 528 434 582; x_wconf 78' lang='lat' dir='ltr'>eandem</span> <span class='ocrx_word' id='word_1_43' title='bbox 474 528 799 581; x_wconf 51' lang='lat' dir='ltr'>revocandist</span> 
     </span>
    </p>
   </div>
   <div class='ocr_carea' id='block_1_3' title="bbox 883 895 1828 967">
    <p class='ocr_par' dir='ltr' id='par_1_3' title="bbox 883 895 1828 967">
     <span class='ocr_line' id='line_1_6' title="bbox 883 895 1828 967; baseline 0 0"><span class='ocrx_word' id='word_1_44' title='bbox 883 895 1235 967; x_wconf 77' lang='lat' dir='ltr'><strong>CAPUT</strong></span> <span class='ocrx_word' id='word_1_45' title='bbox 1299 896 1828 967; x_wconf 80' lang='lat' dir='ltr'><strong>TERTIUM.</strong></span> 
     </span>
    </p>
   </div>
   <div class='ocr_carea' id='block_1_4' title="bbox 376 1052 2332 1218">
    <p class='ocr_par' dir='ltr' id='par_1_4' title="bbox 376 1052 2332 1218">
     <span class='ocr_line' id='line_1_7' title="bbox 376 1052 2332 1126; baseline 0.001 -17"><span class='ocrx_word' id='word_1_46' title='bbox 376 1053 507 1126; x_wconf 87' lang='lat' dir='ltr'>Ipsa</span> <span class='ocrx_word' id='word_1_47' title='bbox 550 1053 884 1109; x_wconf 86' lang='lat' dir='ltr'>Constitutio</span> <span class='ocrx_word' id='word_1_48' title='bbox 927 1052 1249 1125; x_wconf 82' lang='lat' dir='ltr'>dogmatica</span> <span class='ocrx_word' id='word_1_49' title='bbox 1292 1053 1360 1110; x_wconf 80' lang='lat' dir='ltr'>(le</span> <span class='ocrx_word' id='word_1_50' title='bbox 1401 1053 1510 1109; x_wconf 87' lang='lat' dir='ltr'>fide</span> <span class='ocrx_word' id='word_1_51' title='bbox 1554 1054 1832 1111; x_wconf 90' lang='lat' dir='ltr'>catholica</span> <span class='ocrx_word' id='word_1_52' title='bbox 1874 1054 2332 1111; x_wconf 77' lang='lat' dir='ltr'>adnotationibus</span> 
     </span>
     <span class='ocr_line' id='line_1_8' title="bbox 1053 1145 1663 1218; baseline 0 -18"><span class='ocrx_word' id='word_1_53' title='bbox 1053 1145 1321 1201; x_wconf 88' lang='lat' dir='ltr'>subiectis</span> <span class='ocrx_word' id='word_1_54' title='bbox 1364 1145 1663 1218; x_wconf 86' lang='lat' dir='ltr'>explicata.</span> 
     </span>
    </p>
   </div>
   <div class='ocr_carea' id='block_1_5' title="bbox 305 1379 2399 1551">
    <p class='ocr_par' dir='ltr' id='par_1_5' title="bbox 305 1379 2399 1551">
     <span class='ocr_line' id='line_1_9' title="bbox 305 1379 2399 1463; baseline 0.003 -25"><span class='ocrx_word' id='word_1_55' title='bbox 305 1379 433 1441; x_wconf 88' lang='lat' dir='ltr'>Pius</span> <span class='ocrx_word' id='word_1_56' title='bbox 475 1381 788 1460; x_wconf 60' lang='lat' dir='ltr'>Episcopus</span> <span class='ocrx_word' id='word_1_57' title='bbox 830 1383 1039 1445; x_wconf 83' lang='lat' dir='ltr'>Servus</span> <span class='ocrx_word' id='word_1_58' title='bbox 1082 1384 1377 1445; x_wconf 85' lang='lat' dir='ltr'>Servorum</span> <span class='ocrx_word' id='word_1_59' title='bbox 1416 1385 1526 1459; x_wconf 80' lang='lat' dir='ltr'>Dei,</span> <span class='ocrx_word' id='word_1_60' title='bbox 1570 1402 1728 1446; x_wconf 89' lang='lat' dir='ltr'>sacro</span> <span class='ocrx_word' id='word_1_61' title='bbox 1771 1384 2107 1463; x_wconf 77' lang='lat' dir='ltr'>approbante</span> <span class='ocrx_word' id='word_1_62' title='bbox 2149 1384 2399 1459; x_wconf 69' lang='lat' dir='ltr'>Concilm,</span> 
     </span>
     <span class='ocr_line' id='line_1_10' title="bbox 867 1474 1835 1551; baseline -0.002 -18"><span class='ocrx_word' id='word_1_63' title='bbox 867 1474 935 1533; x_wconf 86' lang='lat' dir='ltr'>ad</span> <span class='ocrx_word' id='word_1_64' title='bbox 975 1474 1301 1551; x_wconf 85' lang='lat' dir='ltr'>perpetuam</span> <span class='ocrx_word' id='word_1_65' title='bbox 1341 1475 1422 1535; x_wconf 85' lang='lat' dir='ltr'>rei</span> <span class='ocrx_word' id='word_1_66' title='bbox 1462 1476 1777 1535; x_wconf 83' lang='lat' dir='ltr'>memoriam</span> <span class='ocrx_word' id='word_1_67' title='bbox 1802 1476 1835 1531; x_wconf 86' lang='lat'>¹.</span> 
     </span>
    </p>
   </div>
   <div class='ocr_carea' id='block_1_6' title="bbox 215 1607 2505 2367">
    <p class='ocr_par' dir='ltr' id='par_1_6' title="bbox 215 1607 2505 2367">
     <span class='ocr_line' id='line_1_11' title="bbox 366 1607 2494 1682; baseline -0 -22"><span class='ocrx_word' id='word_1_68' title='bbox 366 1607 475 1661; x_wconf 91' lang='lat' dir='ltr'>Dei</span> <span class='ocrx_word' id='word_1_69' title='bbox 514 1608 690 1662; x_wconf 86' lang='lat' dir='ltr'>Filius</span> <span class='ocrx_word' id='word_1_70' title='bbox 742 1615 796 1663; x_wconf 89' lang='lat' dir='ltr'>et</span> <span class='ocrx_word' id='word_1_71' title='bbox 845 1610 1069 1680; x_wconf 85' lang='lat' dir='ltr'>generis</span> <span class='ocrx_word' id='word_1_72' title='bbox 1120 1610 1347 1662; x_wconf 89' lang='lat' dir='ltr'>humani</span> <span class='ocrx_word' id='word_1_73' title='bbox 1388 1610 1735 1682; x_wconf 78' lang='lat' dir='ltr'>Redemptor</span> <span class='ocrx_word' id='word_1_74' title='bbox 1777 1611 2049 1664; x_wconf 84' lang='lat' dir='ltr'>Dominus</span> <span class='ocrx_word' id='word_1_75' title='bbox 2091 1610 2296 1664; x_wconf 80' lang='lat' dir='ltr'>Noster</span> <span class='ocrx_word' id='word_1_76' title='bbox 2336 1609 2494 1662; x_wconf 60' lang='lat' dir='ltr'>Iesus</span> 
     </span>
     <span class='ocr_line' id='line_1_12' title="bbox 219 1690 2495 1764; baseline 0 -19"><span class='ocrx_word' id='word_1_77' title='bbox 219 1690 500 1762; x_wconf 81' lang='lat' dir='ltr'>Christus,</span> <span class='ocrx_word' id='word_1_78' title='bbox 554 1694 624 1747; x_wconf 90' lang='lat' dir='ltr'>ad</span> <span class='ocrx_word' id='word_1_79' title='bbox 664 1695 892 1749; x_wconf 89' lang='lat' dir='ltr'>Patrem</span> <span class='ocrx_word' id='word_1_80' title='bbox 935 1695 1233 1749; x_wconf 88' lang='lat' dir='ltr'>coelestem</span> <span class='ocrx_word' id='word_1_81' title='bbox 1277 1696 1583 1764; x_wconf 87' lang='lat' dir='ltr'>rediturus,</span> <span class='ocrx_word' id='word_1_82' title='bbox 1638 1714 1762 1748; x_wconf 92' lang='lat' dir='ltr'>cum</span> <span class='ocrx_word' id='word_1_83' title='bbox 1803 1696 2057 1750; x_wconf 87' lang='lat' dir='ltr'>Ecclesia</span> <span class='ocrx_word' id='word_1_84' title='bbox 2097 1714 2196 1749; x_wconf 89' lang='lat' dir='ltr'>sua</span> <span class='ocrx_word' id='word_1_85' title='bbox 2235 1696 2292 1748; x_wconf 90' lang='lat' dir='ltr'>in</span> <span class='ocrx_word' id='word_1_86' title='bbox 2333 1695 2495 1749; x_wconf 70' lang='lat' dir='ltr'>terris</span> 
     </span>
     <span class='ocr_line' id='line_1_13' title="bbox 219 1778 2495 1851; baseline 0.001 -22"><span class='ocrx_word' id='word_1_87' title='bbox 219 1778 507 1846; x_wconf 87' lang='lat' dir='ltr'>militante,</span> <span class='ocrx_word' id='word_1_88' title='bbox 558 1780 813 1834; x_wconf 90' lang='lat' dir='ltr'>omnibus</span> <span class='ocrx_word' id='word_1_89' title='bbox 856 1781 1051 1835; x_wconf 88' lang='lat' dir='ltr'>diebus</span> <span class='ocrx_word' id='word_1_90' title='bbox 1093 1799 1268 1851; x_wconf 91' lang='lat' dir='ltr'>usque</span> <span class='ocrx_word' id='word_1_91' title='bbox 1312 1782 1381 1834; x_wconf 88' lang='lat' dir='ltr'>ad</span> <span class='ocrx_word' id='word_1_92' title='bbox 1424 1783 1956 1835; x_wconf 80' lang='lat' dir='ltr'>consummationem</span> <span class='ocrx_word' id='word_1_93' title='bbox 1999 1781 2206 1834; x_wconf 87' lang='lat' dir='ltr'>saeculi</span> <span class='ocrx_word' id='word_1_94' title='bbox 2247 1780 2495 1834; x_wconf 70' lang='lat' dir='ltr'>futurum</span> 
     </span>
     <span class='ocr_line' id='line_1_14' title="bbox 217 1865 2500 1938; baseline 0.001 -22"><span class='ocrx_word' id='word_1_95' title='bbox 217 1881 274 1917; x_wconf 93' lang='lat' dir='ltr'>se</span> <span class='ocrx_word' id='word_1_96' title='bbox 317 1882 436 1918; x_wconf 90' lang='lat' dir='ltr'>esse</span> <span class='ocrx_word' id='word_1_97' title='bbox 489 1867 758 1936; x_wconf 88' lang='lat' dir='ltr'>promisit.</span> <span class='ocrx_word' id='word_1_98' title='bbox 839 1866 1023 1928; x_wconf 85' lang='lat' dir='ltr'>Quare</span> <span class='ocrx_word' id='word_1_99' title='bbox 1068 1865 1306 1920; x_wconf 89' lang='lat' dir='ltr'>dilectae</span> <span class='ocrx_word' id='word_1_100' title='bbox 1349 1886 1584 1937; x_wconf 89' lang='lat' dir='ltr'>sponsae</span> <span class='ocrx_word' id='word_1_101' title='bbox 1626 1872 1849 1938; x_wconf 88' lang='lat' dir='ltr'>praesto</span> <span class='ocrx_word' id='word_1_102' title='bbox 1893 1884 2040 1932; x_wconf 88' lang='lat' dir='ltr'>esse,</span> <span class='ocrx_word' id='word_1_103' title='bbox 2095 1866 2364 1919; x_wconf 82' lang='lat' dir='ltr'>adsistere</span> <span class='ocrx_word' id='word_1_104' title='bbox 2407 1865 2500 1919; x_wconf 89' lang='lat' dir='ltr'>do-</span> 
     </span>
     <span class='ocr_line' id='line_1_15' title="bbox 219 1950 2501 2025; baseline 0.001 -24"><span class='ocrx_word' id='word_1_105' title='bbox 219 1950 382 2018; x_wconf 89' lang='lat' dir='ltr'>centi,</span> <span class='ocrx_word' id='word_1_106' title='bbox 426 1953 681 2022; x_wconf 86' lang='lat' dir='ltr'>operanti</span> <span class='ocrx_word' id='word_1_107' title='bbox 723 1952 1077 2020; x_wconf 88' lang='lat' dir='ltr'>benedicere,</span> <span class='ocrx_word' id='word_1_108' title='bbox 1127 1954 1466 2025; x_wconf 82' lang='lat' dir='ltr'>periclitanti</span> <span class='ocrx_word' id='word_1_109' title='bbox 1509 1972 1670 2025; x_wconf 90' lang='lat' dir='ltr'>opem</span> <span class='ocrx_word' id='word_1_110' title='bbox 1705 1954 1851 2006; x_wconf 87' lang='lat' dir='ltr'>ferre</span> <span class='ocrx_word' id='word_1_111' title='bbox 1895 1952 2049 2006; x_wconf 93' lang='lat' dir='ltr'>nullo</span> <span class='ocrx_word' id='word_1_112' title='bbox 2078 1970 2324 2023; x_wconf 91' lang='lat' dir='ltr'>unquam</span> <span class='ocrx_word' id='word_1_113' title='bbox 2363 1957 2501 2005; x_wconf 87' lang='lat' dir='ltr'>tem·-</span> 
     </span>
     <span class='ocr_line' id='line_1_16' title="bbox 215 2036 2504 2110; baseline 0.002 -22"><span class='ocrx_word' id='word_1_114' title='bbox 215 2053 351 2106; x_wconf 88' lang='lat' dir='ltr'>pore</span> <span class='ocrx_word' id='word_1_115' title='bbox 394 2036 622 2090; x_wconf 87' lang='lat' dir='ltr'>destitit.</span> <span class='ocrx_word' id='word_1_116' title='bbox 674 2039 832 2092; x_wconf 88' lang='lat' dir='ltr'>Haec</span> <span class='ocrx_word' id='word_1_117' title='bbox 873 2058 1005 2093; x_wconf 86' lang='lat' dir='ltr'>vero</span> <span class='ocrx_word' id='word_1_118' title='bbox 1048 2040 1304 2094; x_wconf 83' lang='lat' dir='ltr'>salutaris</span> <span class='ocrx_word' id='word_1_119' title='bbox 1333 2040 1451 2093; x_wconf 90' lang='lat' dir='ltr'>cius</span> <span class='ocrx_word' id='word_1_120' title='bbox 1479 2039 1849 2110; x_wconf 84' lang='lat' dir='ltr'>providentia,</span> <span class='ocrx_word' id='word_1_121' title='bbox 1893 2057 2017 2092; x_wconf 91' lang='lat' dir='ltr'>cum</span> <span class='ocrx_word' id='word_1_122' title='bbox 2060 2056 2132 2092; x_wconf 82' lang='lat' dir='ltr'>ex</span> <span class='ocrx_word' id='word_1_123' title='bbox 2174 2038 2295 2092; x_wconf 90' lang='lat' dir='ltr'>aliis</span> <span class='ocrx_word' id='word_1_124' title='bbox 2336 2038 2504 2092; x_wconf 84' lang='lat' dir='ltr'>bene·</span> 
     </span>
     <span class='ocr_line' id='line_1_17' title="bbox 216 2120 2505 2196; baseline 0.001 -24"><span class='ocrx_word' id='word_1_125' title='bbox 216 2120 354 2174; x_wconf 90' lang='lat' dir='ltr'>ficiis</span> <span class='ocrx_word' id='word_1_126' title='bbox 396 2122 701 2177; x_wconf 88' lang='lat' dir='ltr'>innumeris</span> <span class='ocrx_word' id='word_1_127' title='bbox 743 2125 1094 2179; x_wconf 83' lang='lat' dir='ltr'>continenter</span> <span class='ocrx_word' id='word_1_128' title='bbox 1134 2126 1420 2196; x_wconf 85' lang='lat' dir='ltr'>apparuit,</span> <span class='ocrx_word' id='word_1_129' title='bbox 1466 2131 1582 2178; x_wconf 91' lang='lat' dir='ltr'>tum</span> <span class='ocrx_word' id='word_1_130' title='bbox 1623 2125 1689 2178; x_wconf 92' lang='lat' dir='ltr'>iis</span> <span class='ocrx_word' id='word_1_131' title='bbox 1729 2124 2178 2177; x_wconf 87' lang='lat' dir='ltr'>manifestissime</span> <span class='ocrx_word' id='word_1_132' title='bbox 2221 2130 2505 2195; x_wconf 69' lang='lat' dir='ltr'>comperta</span> 
     </span>
     <span class='ocr_line' id='line_1_18' title="bbox 219 2206 2494 2280; baseline 0.001 -21"><span class='ocrx_word' id='word_1_133' title='bbox 219 2212 302 2259; x_wconf 91' lang='lat' dir='ltr'>est</span> <span class='ocrx_word' id='word_1_134' title='bbox 341 2206 629 2277; x_wconf 90' lang='lat' dir='ltr'>fructibus,</span> <span class='ocrx_word' id='word_1_135' title='bbox 672 2210 767 2280; x_wconf 88' lang='lat' dir='ltr'>qui</span> <span class='ocrx_word' id='word_1_136' title='bbox 809 2211 928 2264; x_wconf 90' lang='lat' dir='ltr'>orbi</span> <span class='ocrx_word' id='word_1_137' title='bbox 969 2211 1266 2264; x_wconf 89' lang='lat' dir='ltr'>christiano</span> <span class='ocrx_word' id='word_1_138' title='bbox 1298 2230 1327 2264; x_wconf 93' lang='lat' dir='ltr'>e</span> <span class='ocrx_word' id='word_1_139' title='bbox 1357 2210 1618 2264; x_wconf 88' lang='lat' dir='ltr'>Conciliis</span> <span class='ocrx_word' id='word_1_140' title='bbox 1661 2211 2029 2264; x_wconf 90' lang='lat' dir='ltr'>oecumenicis</span> <span class='ocrx_word' id='word_1_141' title='bbox 2070 2227 2134 2263; x_wconf 91' lang='lat' dir='ltr'>ac</span> <span class='ocrx_word' id='word_1_142' title='bbox 2174 2210 2494 2263; x_wconf 88' lang='lat' dir='ltr'>nominatim</span> 
     </span>
     <span class='ocr_line' id='line_1_19' title="bbox 219 2292 2496 2367; baseline 0.001 -22"><span class='ocrx_word' id='word_1_143' title='bbox 219 2310 247 2345; x_wconf 94' lang='lat' dir='ltr'>e</span> <span class='ocrx_word' id='word_1_144' title='bbox 272 2292 620 2362; x_wconf 85' lang='lat' dir='ltr'>TridentinO,</span> <span class='ocrx_word' id='word_1_145' title='bbox 650 2295 853 2365; x_wconf 90' lang='lat' dir='ltr'>iniquis</span> <span class='ocrx_word' id='word_1_146' title='bbox 875 2296 1006 2349; x_wconf 87' lang='lat' dir='ltr'>licet</span> <span class='ocrx_word' id='word_1_147' title='bbox 1026 2297 1369 2367; x_wconf 86' lang='lat' dir='ltr'>temporibus</span> <span class='ocrx_word' id='word_1_148' title='bbox 1393 2297 1691 2361; x_wconf 83' lang='lat' dir='ltr'>celebrato,</span> <span class='ocrx_word' id='word_1_149' title='bbox 1722 2296 2046 2366; x_wconf 85' lang='lat' dir='ltr'>amplissimi</span> <span class='ocrx_word' id='word_1_150' title='bbox 2065 2300 2446 2367; x_wconf 84' lang='lat' dir='ltr'>provenerunt</span> <span class='ocrx_word' id='word_1_151' title='bbox 2462 2294 2496 2347; x_wconf 85' lang='lat'>².</span> 
     </span>
    </p>
   </div>
   <div class='ocr_carea' id='block_1_7' title="bbox 217 2464 2507 4009">
    <p class='ocr_par' dir='ltr' id='par_1_7' title="bbox 217 2464 2505 3385">
     <span class='ocr_line' id='line_1_20' title="bbox 388 2464 2499 2529; baseline 0 -16"><span class='ocrx_word' id='word_1_152' title='bbox 388 2466 402 2493; x_wconf 89' lang='lat'>¹</span> <span class='ocrx_word' id='word_1_153' title='bbox 442 2466 507 2514; x_wconf 89' lang='lat' dir='ltr'>Vi</span> <span class='ocrx_word' id='word_1_154' title='bbox 544 2468 839 2515; x_wconf 89' lang='lat' dir='ltr'>Literarum</span> <span class='ocrx_word' id='word_1_155' title='bbox 878 2467 1299 2529; x_wconf 88' lang='lat' dir='ltr'>Apostolicarum</span> <span class='ocrx_word' id='word_1_156' title='bbox 1342 2467 1684 2529; x_wconf 80' lang='lat' dir='ltr'>„Multiplices</span> <span class='ocrx_word' id='word_1_157' title='bbox 1721 2464 1885 2515; x_wconf 87' lang='lat' dir='ltr'>inter“</span> <span class='ocrx_word' id='word_1_158' title='bbox 1929 2466 1954 2526; x_wconf 65' lang='grc' dir='ltr'>ξ</span> <span class='ocrx_word' id='word_1_159' title='bbox 1991 2467 2113 2514; x_wconf 87' lang='lat' dir='ltr'><strong>VII.</strong></span> <span class='ocrx_word' id='word_1_160' title='bbox 2161 2467 2212 2514; x_wconf 90' lang='lat' dir='ltr'>in</span> <span class='ocrx_word' id='word_1_161' title='bbox 2251 2466 2499 2514; x_wconf 86' lang='lat' dir='ltr'>Sessioni-</span> 
     </span>
     <span class='ocr_line' id='line_1_21' title="bbox 217 2543 2497 2607; baseline -0.001 -14"><span class='ocrx_word' id='word_1_162' title='bbox 217 2545 315 2593; x_wconf 90' lang='lat' dir='ltr'>bus</span> <span class='ocrx_word' id='word_1_163' title='bbox 352 2545 571 2607; x_wconf 88' lang='lat' dir='ltr'>publicis</span> <span class='ocrx_word' id='word_1_164' title='bbox 609 2545 864 2592; x_wconf 88' lang='lat' dir='ltr'>formulae</span> <span class='ocrx_word' id='word_1_165' title='bbox 902 2545 1229 2593; x_wconf 86' lang='lat' dir='ltr'>decretorum</span> <span class='ocrx_word' id='word_1_166' title='bbox 1268 2549 1318 2593; x_wconf 91' lang='lat' dir='ltr'>et</span> <span class='ocrx_word' id='word_1_167' title='bbox 1345 2561 1601 2593; x_wconf 91' lang='lat' dir='ltr'>canonum</span> <span class='ocrx_word' id='word_1_168' title='bbox 1629 2545 1928 2593; x_wconf 88' lang='lat' dir='ltr'>recitandae</span> <span class='ocrx_word' id='word_1_169' title='bbox 1955 2549 2118 2605; x_wconf 81' lang='lat' dir='ltr'>era-nt,</span> <span class='ocrx_word' id='word_1_170' title='bbox 2156 2549 2215 2592; x_wconf 92' lang='lat' dir='ltr'>ut</span> <span class='ocrx_word' id='word_1_171' title='bbox 2252 2544 2325 2591; x_wconf 89' lang='lat' dir='ltr'>ait</span> <span class='ocrx_word' id='word_1_172' title='bbox 2352 2543 2497 2592; x_wconf 84' lang='lat' dir='ltr'>Sum-</span> 
     </span>
     <span class='ocr_line' id='line_1_22' title="bbox 218 2622 2497 2686; baseline -0.001 -16"><span class='ocrx_word' id='word_1_173' title='bbox 218 2638 333 2670; x_wconf 90' lang='lat' dir='ltr'>mus</span> <span class='ocrx_word' id='word_1_174' title='bbox 370 2622 640 2684; x_wconf 89' lang='lat' dir='ltr'>Pontifex,</span> <span class='ocrx_word' id='word_1_175' title='bbox 695 2639 784 2684; x_wconf 82' lang='lat' dir='ltr'>„ea</span> <span class='ocrx_word' id='word_1_176' title='bbox 821 2623 1054 2671; x_wconf 90' lang='lat' dir='ltr'>adhibita</span> <span class='ocrx_word' id='word_1_177' title='bbox 1092 2623 1307 2671; x_wconf 89' lang='lat' dir='ltr'>solemni</span> <span class='ocrx_word' id='word_1_178' title='bbox 1345 2624 1483 2671; x_wconf 90' lang='lat' dir='ltr'>tituli</span> <span class='ocrx_word' id='word_1_179' title='bbox 1521 2623 1874 2685; x_wconf 85' lang='lat' dir='ltr'>praefatione,</span> <span class='ocrx_word' id='word_1_180' title='bbox 1925 2639 2025 2686; x_wconf 90' lang='lat' dir='ltr'>qua</span> <span class='ocrx_word' id='word_1_181' title='bbox 2061 2623 2497 2670; x_wconf 89' lang='lat' dir='ltr'>Praedecessores</span> 
     </span>
     <span class='ocr_line' id='line_1_23' title="bbox 218 2699 2499 2763; baseline -0.001 -15"><span class='ocrx_word' id='word_1_182' title='bbox 218 2700 399 2748; x_wconf 89' lang='lat' dir='ltr'>Nostri</span> <span class='ocrx_word' id='word_1_183' title='bbox 435 2701 487 2747; x_wconf 90' lang='lat' dir='ltr'>in</span> <span class='ocrx_word' id='word_1_184' title='bbox 525 2701 778 2749; x_wconf 90' lang='lat' dir='ltr'>eiusmodi</span> <span class='ocrx_word' id='word_1_185' title='bbox 804 2701 1069 2749; x_wconf 89' lang='lat' dir='ltr'>conciliari</span> <span class='ocrx_word' id='word_1_186' title='bbox 1105 2702 1309 2750; x_wconf 89' lang='lat' dir='ltr'>actione</span> <span class='ocrx_word' id='word_1_187' title='bbox 1345 2703 1422 2750; x_wconf 89' lang='lat' dir='ltr'>uti</span> <span class='ocrx_word' id='word_1_188' title='bbox 1450 2706 1849 2763; x_wconf 80' lang='lat' dir='ltr'>consueverunt,</span> <span class='ocrx_word' id='word_1_189' title='bbox 1887 2717 2098 2762; x_wconf 88' lang='lat' dir='ltr'>nempe:</span> <span class='ocrx_word' id='word_1_190' title='bbox 2135 2699 2261 2748; x_wconf 87' lang='lat' dir='ltr'>Pius</span> <span class='ocrx_word' id='word_1_191' title='bbox 2287 2699 2499 2762; x_wconf 87' lang='lat' dir='ltr'>Episco—</span> 
     </span>
     <span class='ocr_line' id='line_1_24' title="bbox 218 2776 2497 2843; baseline -0.001 -17"><span class='ocrx_word' id='word_1_192' title='bbox 218 2794 342 2841; x_wconf 87' lang='lat' dir='ltr'>pus,</span> <span class='ocrx_word' id='word_1_193' title='bbox 390 2778 578 2840; x_wconf 72' lang='lat' dir='ltr'>Servus</span> <span class='ocrx_word' id='word_1_194' title='bbox 617 2779 893 2827; x_wconf 79' lang='lat' dir='ltr'>Servorum</span> <span class='ocrx_word' id='word_1_195' title='bbox 931 2780 1054 2839; x_wconf 90' lang='lat' dir='ltr'>Dei,</span> <span class='ocrx_word' id='word_1_196' title='bbox 1106 2796 1251 2829; x_wconf 88' lang='lat' dir='ltr'>sacro</span> <span class='ocrx_word' id='word_1_197' title='bbox 1290 2781 1611 2843; x_wconf 88' lang='lat' dir='ltr'>approbante</span> <span class='ocrx_word' id='word_1_198' title='bbox 1650 2779 1914 2841; x_wconf 84' lang='lat' dir='ltr'>ConciliO,</span> <span class='ocrx_word' id='word_1_199' title='bbox 1965 2779 2031 2827; x_wconf 91' lang='lat' dir='ltr'>ad</span> <span class='ocrx_word' id='word_1_200' title='bbox 2079 2781 2386 2842; x_wconf 91' lang='lat' dir='ltr'>perpetuam</span> <span class='ocrx_word' id='word_1_201' title='bbox 2423 2776 2497 2824; x_wconf 90' lang='lat' dir='ltr'>rei</span> 
     </span>
     <span class='ocr_line' id='line_1_25' title="bbox 218 2853 2502 2921; baseline -0.001 -18"><span class='ocrx_word' id='word_1_202' title='bbox 218 2853 570 2904; x_wconf 79' lang='lat' dir='ltr'>memoriam“.</span> <span class='ocrx_word' id='word_1_203' title='bbox 633 2856 710 2916; x_wconf 80' lang='lat' dir='ltr'>(G.</span> <span class='ocrx_word' id='word_1_204' title='bbox 746 2857 809 2905; x_wconf 85' lang='lat' dir='ltr'>V.</span> <span class='ocrx_word' id='word_1_205' title='bbox 848 2859 909 2904; x_wconf 77' lang='lat'>‘23</span> <span class='ocrx_word' id='word_1_206' title='bbox 928 2856 997 2916; x_wconf 87' lang='lat' dir='ltr'>d.)</span> <span class='ocrx_word' id='word_1_207' title='bbox 1070 2857 1424 2906; x_wconf 86' lang='lat' dir='ltr'>Adnotatione</span> <span class='ocrx_word' id='word_1_208' title='bbox 1460 2858 1627 2921; x_wconf 92' lang='lat' dir='ltr'>prima</span> <span class='ocrx_word' id='word_1_209' title='bbox 1664 2858 1914 2906; x_wconf 89' lang='lat' dir='ltr'>schemati</span> <span class='ocrx_word' id='word_1_210' title='bbox 1953 2858 2015 2905; x_wconf 90' lang='lat' dir='ltr'>de</span> <span class='ocrx_word' id='word_1_211' title='bbox 2053 2857 2289 2905; x_wconf 87' lang='lat' dir='ltr'>doctrina</span> <span class='ocrx_word' id='word_1_212' title='bbox 2326 2855 2502 2904; x_wconf 91' lang='lat' dir='ltr'>catho-</span> 
     </span>
     <span class='ocr_line' id='line_1_26' title="bbox 218 2934 2499 2999; baseline -0 -17"><span class='ocrx_word' id='word_1_213' title='bbox 218 2935 319 2983; x_wconf 90' lang='lat' dir='ltr'>lica</span> <span class='ocrx_word' id='word_1_214' title='bbox 368 2935 570 2983; x_wconf 88' lang='lat' dir='ltr'>adiecta</span> <span class='ocrx_word' id='word_1_215' title='bbox 619 2935 1039 2983; x_wconf 85' lang='lat' dir='ltr'>animadvertunt</span> <span class='ocrx_word' id='word_1_216' title='bbox 1088 2936 1341 2999; x_wconf 86' lang='lat' dir='ltr'>theologi:</span> <span class='ocrx_word' id='word_1_217' title='bbox 1395 2937 1701 2999; x_wconf 85' lang='lat' dir='ltr'>„Inscriptio</span> <span class='ocrx_word' id='word_1_218' title='bbox 1745 2935 1862 2984; x_wconf 69' lang='lat' dir='ltr'>Pius</span> <span class='ocrx_word' id='word_1_219' title='bbox 1897 2934 2170 2997; x_wconf 72' lang='lat' dir='ltr'>Episcopus</span> <span class='ocrx_word' id='word_1_220' title='bbox 2208 2972 2218 2980; x_wconf 93' lang='lat'>.</span> <span class='ocrx_word' id='word_1_221' title='bbox 2259 2973 2269 2982; x_wconf 91' lang='lat'>.</span> <span class='ocrx_word' id='word_1_222' title='bbox 2308 2970 2319 2982; x_wconf 91' lang='lat'><strong>.</strong></span> <span class='ocrx_word' id='word_1_223' title='bbox 2357 2948 2499 2982; x_wconf 78' lang='lat' dir='ltr'>sacro</span> 
     </span>
     <span class='ocr_line' id='line_1_27' title="bbox 220 3012 2502 3075; baseline 0 -16"><span class='ocrx_word' id='word_1_224' title='bbox 220 3013 528 3075; x_wconf 70' lang='lat' dir='ltr'>approbante</span> <span class='ocrx_word' id='word_1_225' title='bbox 567 3012 780 3061; x_wconf 74' lang='lat' dir='ltr'>Concilio</span> <span class='ocrx_word' id='word_1_226' title='bbox 832 3014 1010 3062; x_wconf 91' lang='lat' dir='ltr'>eadem</span> <span class='ocrx_word' id='word_1_227' title='bbox 1051 3018 1129 3062; x_wconf 87' lang='lat' dir='ltr'>est</span> <span class='ocrx_word' id='word_1_228' title='bbox 1176 3031 1235 3062; x_wconf 88' lang='lat' dir='ltr'>ac</span> <span class='ocrx_word' id='word_1_229' title='bbox 1273 3015 1326 3062; x_wconf 92' lang='lat' dir='ltr'>in</span> <span class='ocrx_word' id='word_1_230' title='bbox 1365 3016 1550 3063; x_wconf 86' lang='lat' dir='ltr'>ceteris</span> <span class='ocrx_word' id='word_1_231' title='bbox 1601 3015 1945 3063; x_wconf 84' lang='lat' dir='ltr'>oecumenicis</span> <span class='ocrx_word' id='word_1_232' title='bbox 1984 3013 2257 3073; x_wconf 81' lang='lat' dir='ltr'>Oonciliis,</span> <span class='ocrx_word' id='word_1_233' title='bbox 2312 3012 2502 3075; x_wconf 88' lang='lat' dir='ltr'>quibus</span> 
     </span>
     <span class='ocr_line' id='line_1_28' title="bbox 219 3090 2505 3154; baseline -0.001 -15"><span class='ocrx_word' id='word_1_234' title='bbox 219 3092 331 3154; x_wconf 89' lang='lat' dir='ltr'>ipse</span> <span class='ocrx_word' id='word_1_235' title='bbox 357 3090 621 3139; x_wconf 87' lang='lat' dir='ltr'>Romanus</span> <span class='ocrx_word' id='word_1_236' title='bbox 659 3091 906 3139; x_wconf 88' lang='lat' dir='ltr'>Pontifex</span> <span class='ocrx_word' id='word_1_237' title='bbox 942 3108 1165 3154; x_wconf 89' lang='lat' dir='ltr'>persona</span> <span class='ocrx_word' id='word_1_238' title='bbox 1204 3109 1297 3140; x_wconf 88' lang='lat' dir='ltr'>sua</span> <span class='ocrx_word' id='word_1_239' title='bbox 1333 3090 1713 3154; x_wconf 84' lang='lat' dir='ltr'>praesidebat.“</span> <span class='ocrx_word' id='word_1_240' title='bbox 1768 3092 1922 3153; x_wconf 90' lang='lat' dir='ltr'>(Vide</span> <span class='ocrx_word' id='word_1_241' title='bbox 1958 3092 2203 3139; x_wconf 90' lang='lat' dir='ltr'>Lateran.</span> <span class='ocrx_word' id='word_1_242' title='bbox 2241 3090 2333 3138; x_wconf 91' lang='lat' dir='ltr'>IV.</span> <span class='ocrx_word' id='word_1_243' title='bbox 2370 3090 2505 3137; x_wconf 91' lang='lat' dir='ltr'>Har-</span> 
     </span>
     <span class='ocr_line' id='line_1_29' title="bbox 221 3168 2500 3233; baseline 0.001 -17"><span class='ocrx_word' id='word_1_244' title='bbox 221 3169 362 3217; x_wconf 89' lang='lat' dir='ltr'>duin.</span> <span class='ocrx_word' id='word_1_245' title='bbox 389 3168 601 3217; x_wconf 83' lang='lat' dir='ltr'>Collect.</span> <span class='ocrx_word' id='word_1_246' title='bbox 635 3173 670 3218; x_wconf 92' lang='lat' dir='ltr'>t.</span> <span class='ocrx_word' id='word_1_247' title='bbox 696 3169 817 3218; x_wconf 81' lang='lat' dir='ltr'>VII.</span> <span class='ocrx_word' id='word_1_248' title='bbox 846 3170 941 3218; x_wconf 91' lang='lat' dir='ltr'>col.</span> <span class='ocrx_word' id='word_1_249' title='bbox 974 3172 1059 3231; x_wconf 77' lang='lat'>183</span> <span class='ocrx_word' id='word_1_250' title='bbox 1098 3171 1338 3233; x_wconf 83' lang='lat' dir='ltr'>Lugdun.</span> <span class='ocrx_word' id='word_1_251' title='bbox 1367 3171 1408 3219; x_wconf 89' lang='lat' dir='ltr'>I.</span> <span class='ocrx_word' id='word_1_252' title='bbox 1434 3171 1555 3219; x_wconf 87' lang='lat' dir='ltr'>ibid.</span> <span class='ocrx_word' id='word_1_253' title='bbox 1585 3172 1680 3220; x_wconf 90' lang='lat' dir='ltr'>col.</span> <span class='ocrx_word' id='word_1_254' title='bbox 1708 3173 1820 3220; x_wconf 80' lang='lat'>381.</span> <span class='ocrx_word' id='word_1_255' title='bbox 1848 3172 1970 3230; x_wconf 76' lang='lat'>4013</span> <span class='ocrx_word' id='word_1_256' title='bbox 2011 3169 2300 3217; x_wconf 83' lang='lat' dir='ltr'>Florentin.</span> <span class='ocrx_word' id='word_1_257' title='bbox 2340 3172 2375 3217; x_wconf 90' lang='lat' dir='ltr'>t.</span> <span class='ocrx_word' id='word_1_258' title='bbox 2404 3168 2500 3218; x_wconf 84' lang='lat' dir='ltr'>IX.</span> 
     </span>
     <span class='ocr_line' id='line_1_30' title="bbox 221 3246 2503 3309; baseline 0 -15"><span class='ocrx_word' id='word_1_259' title='bbox 221 3247 315 3295; x_wconf 90' lang='lat' dir='ltr'>col.</span> <span class='ocrx_word' id='word_1_260' title='bbox 355 3247 477 3305; x_wconf 81' lang='lat'>4203</span> <span class='ocrx_word' id='word_1_261' title='bbox 516 3246 760 3295; x_wconf 86' lang='lat' dir='ltr'>Lateran.</span> <span class='ocrx_word' id='word_1_262' title='bbox 798 3246 861 3295; x_wconf 84' lang='lat' dir='ltr'>V.</span> <span class='ocrx_word' id='word_1_263' title='bbox 902 3248 1023 3296; x_wconf 90' lang='lat' dir='ltr'>ibid.</span> <span class='ocrx_word' id='word_1_264' title='bbox 1064 3249 1157 3296; x_wconf 92' lang='lat' dir='ltr'>col.</span> <span class='ocrx_word' id='word_1_265' title='bbox 1201 3250 1342 3296; x_wconf 71' lang='lat'>1719.</span> <span class='ocrx_word' id='word_1_266' title='bbox 1394 3248 1471 3297; x_wconf 80' lang='lat' dir='ltr'>Of.</span> <span class='ocrx_word' id='word_1_267' title='bbox 1510 3249 1609 3297; x_wconf 86' lang='lat' dir='ltr'>PP.</span> <span class='ocrx_word' id='word_1_268' title='bbox 1649 3248 2115 3308; x_wconf 81' lang='lat' dir='ltr'>Chalcedonenses,</span> <span class='ocrx_word' id='word_1_269' title='bbox 2156 3263 2232 3309; x_wconf 90' lang='lat' dir='ltr'>ep.</span> <span class='ocrx_word' id='word_1_270' title='bbox 2273 3247 2337 3294; x_wconf 86' lang='lat' dir='ltr'>ad</span> <span class='ocrx_word' id='word_1_271' title='bbox 2373 3246 2503 3295; x_wconf 88' lang='lat' dir='ltr'>Leo-</span> 
     </span>
     <span class='ocr_line' id='line_1_31' title="bbox 219 3324 1590 3385; baseline 0.001 -13"><span class='ocrx_word' id='word_1_272' title='bbox 219 3339 338 3372; x_wconf 90' lang='lat' dir='ltr'>nem</span> <span class='ocrx_word' id='word_1_273' title='bbox 374 3324 566 3372; x_wconf 89' lang='lat' dir='ltr'>Pontif.</span> <span class='ocrx_word' id='word_1_274' title='bbox 608 3328 642 3372; x_wconf 88' lang='lat' dir='ltr'>t.</span> <span class='ocrx_word' id='word_1_275' title='bbox 681 3324 751 3371; x_wconf 89' lang='grc' dir='ltr'>Π.</span> <span class='ocrx_word' id='word_1_276' title='bbox 792 3325 889 3373; x_wconf 93' lang='lat' dir='ltr'>col.</span> <span class='ocrx_word' id='word_1_277' title='bbox 928 3327 1038 3373; x_wconf 76' lang='lat'>655.</span> <span class='ocrx_word' id='word_1_278' title='bbox 1111 3325 1173 3372; x_wconf 83' lang='lat' dir='ltr'>V.</span> <span class='ocrx_word' id='word_1_279' title='bbox 1213 3324 1268 3374; x_wconf 78' lang='lat' dir='ltr'>O.</span> <span class='ocrx_word' id='word_1_280' title='bbox 1306 3325 1369 3374; x_wconf 83' lang='lat' dir='ltr'>V.</span> <span class='ocrx_word' id='word_1_281' title='bbox 1408 3327 1503 3373; x_wconf 63' lang='lat'>513</span> <span class='ocrx_word' id='word_1_282' title='bbox 1523 3326 1590 3385; x_wconf 94' lang='lat' dir='ltr'>d.)</span> 
     </span>
    </p>

    <p class='ocr_par' dir='ltr' id='par_1_8' title="bbox 220 3400 2507 4009">
     <span class='ocr_line' id='line_1_32' title="bbox 371 3400 2499 3467; baseline 0.001 -19"><span class='ocrx_word' id='word_1_283' title='bbox 371 3400 387 3428; x_wconf 81' lang='lat'><strong>²</strong></span> <span class='ocrx_word' id='word_1_284' title='bbox 424 3401 503 3448; x_wconf 83' lang='lat' dir='ltr'>Ex</span> <span class='ocrx_word' id='word_1_285' title='bbox 541 3401 882 3463; x_wconf 90' lang='lat' dir='ltr'>complurium</span> <span class='ocrx_word' id='word_1_286' title='bbox 918 3402 1136 3450; x_wconf 87' lang='lat' dir='ltr'>Patrum</span> <span class='ocrx_word' id='word_1_287' title='bbox 1163 3402 1594 3466; x_wconf 82' lang='lat' dir='ltr'>Oongregationis</span> <span class='ocrx_word' id='word_1_288' title='bbox 1631 3404 1890 3467; x_wconf 86' lang='lat' dir='ltr'>generalis</span> <span class='ocrx_word' id='word_1_289' title='bbox 1920 3403 2192 3451; x_wconf 88' lang='lat' dir='ltr'>voluntate</span> <span class='ocrx_word' id='word_1_290' title='bbox 2231 3402 2499 3465; x_wconf 91' lang='lat' dir='ltr'>deputatio</span> 
     </span>
     <span class='ocr_line' id='line_1_33' title="bbox 223 3479 2502 3546; baseline 0.001 -18"><span class='ocrx_word' id='word_1_291' title='bbox 223 3481 284 3529; x_wconf 92' lang='lat' dir='ltr'>de</span> <span class='ocrx_word' id='word_1_292' title='bbox 302 3480 402 3529; x_wconf 91' lang='lat' dir='ltr'>fide</span> <span class='ocrx_word' id='word_1_293' title='bbox 421 3481 683 3543; x_wconf 88' lang='lat' dir='ltr'>prooemio</span> <span class='ocrx_word' id='word_1_294' title='bbox 704 3481 982 3529; x_wconf 88' lang='lat' dir='ltr'>schematis</span> <span class='ocrx_word' id='word_1_295' title='bbox 1004 3482 1065 3529; x_wconf 92' lang='lat' dir='ltr'>de</span> <span class='ocrx_word' id='word_1_296' title='bbox 1087 3482 1324 3530; x_wconf 88' lang='lat' dir='ltr'>doctrina</span> <span class='ocrx_word' id='word_1_297' title='bbox 1344 3483 1616 3543; x_wconf 89' lang='lat' dir='ltr'>catholica,</span> <span class='ocrx_word' id='word_1_298' title='bbox 1645 3482 1780 3546; x_wconf 92' lang='lat' dir='ltr'>quod</span> <span class='ocrx_word' id='word_1_299' title='bbox 1800 3481 1950 3529; x_wconf 87' lang='lat' dir='ltr'>valde</span> <span class='ocrx_word' id='word_1_300' title='bbox 1969 3482 2126 3529; x_wconf 89' lang='lat' dir='ltr'>breve</span> <span class='ocrx_word' id='word_1_301' title='bbox 2145 3485 2255 3530; x_wconf 88' lang='lat' dir='ltr'>erat</span> <span class='ocrx_word' id='word_1_302' title='bbox 2277 3480 2343 3540; x_wconf 88' lang='lat' dir='ltr'>(v.</span> <span class='ocrx_word' id='word_1_303' title='bbox 2365 3479 2419 3529; x_wconf 79' lang='lat' dir='ltr'>O.</span> <span class='ocrx_word' id='word_1_304' title='bbox 2439 3480 2502 3530; x_wconf 89' lang='lat' dir='ltr'>V.</span> 
     </span>
     <span class='ocr_line' id='line_1_34' title="bbox 222 3556 2501 3622; baseline 0.001 -18"><span class='ocrx_word' id='word_1_305' title='bbox 222 3559 316 3605; x_wconf 80' lang='lat'>507</span> <span class='ocrx_word' id='word_1_306' title='bbox 334 3573 377 3605; x_wconf 92' lang='lat' dir='ltr'>a.</span> <span class='ocrx_word' id='word_1_307' title='bbox 403 3556 486 3617; x_wconf 90' lang='lat' dir='ltr'>b),</span> <span class='ocrx_word' id='word_1_308' title='bbox 538 3557 809 3606; x_wconf 89' lang='lat' dir='ltr'>substituit</span> <span class='ocrx_word' id='word_1_309' title='bbox 846 3559 1168 3621; x_wconf 88' lang='lat' dir='ltr'>prooemium</span> <span class='ocrx_word' id='word_1_310' title='bbox 1205 3560 1380 3622; x_wconf 88' lang='lat' dir='ltr'>paullo</span> <span class='ocrx_word' id='word_1_311' title='bbox 1430 3560 1680 3621; x_wconf 89' lang='lat' dir='ltr'>amplius,</span> <span class='ocrx_word' id='word_1_312' title='bbox 1737 3574 1868 3620; x_wconf 88' lang='lat' dir='ltr'>„quo</span> <span class='ocrx_word' id='word_1_313' title='bbox 1916 3562 2034 3621; x_wconf 89' lang='lat' dir='ltr'>post</span> <span class='ocrx_word' id='word_1_314' title='bbox 2073 3561 2501 3607; x_wconf 88' lang='lat' dir='ltr'>commemoratos</span> 
     </span>
     <span class='ocr_line' id='line_1_35' title="bbox 223 3633 2502 3698; baseline 0 -17"><span class='ocrx_word' id='word_1_315' title='bbox 223 3633 442 3682; x_wconf 83' lang='lat' dir='ltr'>Concilii</span> <span class='ocrx_word' id='word_1_316' title='bbox 480 3635 796 3696; x_wconf 84' lang='lat' dir='ltr'>Tridentini,</span> <span class='ocrx_word' id='word_1_317' title='bbox 847 3635 1015 3682; x_wconf 90' lang='lat' dir='ltr'>ultimi</span> <span class='ocrx_word' id='word_1_318' title='bbox 1053 3637 1397 3697; x_wconf 89' lang='lat' dir='ltr'>oecumenici,</span> <span class='ocrx_word' id='word_1_319' title='bbox 1446 3637 1612 3685; x_wconf 90' lang='lat' dir='ltr'>laetos</span> <span class='ocrx_word' id='word_1_320' title='bbox 1650 3637 1882 3697; x_wconf 90' lang='lat' dir='ltr'>fructus,</span> <span class='ocrx_word' id='word_1_321' title='bbox 1922 3651 2155 3697; x_wconf 90' lang='lat' dir='ltr'>errores,</span> <span class='ocrx_word' id='word_1_322' title='bbox 2196 3636 2284 3698; x_wconf 92' lang='lat' dir='ltr'>qui</span> <span class='ocrx_word' id='word_1_323' title='bbox 2320 3639 2502 3698; x_wconf 89' lang='lat' dir='ltr'>postea</span> 
     </span>
     <span class='ocr_line' id='line_1_36' title="bbox 222 3704 2507 3776; baseline 0 -17"><span class='ocrx_word' id='word_1_324' title='bbox 222 3712 372 3773; x_wconf 91' lang='lat' dir='ltr'>lapsu</span> <span class='ocrx_word' id='word_1_325' title='bbox 409 3712 656 3775; x_wconf 88' lang='lat' dir='ltr'>temporis</span> <span class='ocrx_word' id='word_1_326' title='bbox 704 3712 815 3760; x_wconf 90' lang='lat' dir='ltr'>nati</span> <span class='ocrx_word' id='word_1_327' title='bbox 864 3717 916 3760; x_wconf 91' lang='lat' dir='ltr'>et</span> <span class='ocrx_word' id='word_1_328' title='bbox 953 3713 1117 3775; x_wconf 87' lang='lat' dir='ltr'>sparsi</span> <span class='ocrx_word' id='word_1_329' title='bbox 1155 3718 1305 3775; x_wconf 89' lang='lat' dir='ltr'>sunt,</span> <span class='ocrx_word' id='word_1_330' title='bbox 1360 3715 1423 3762; x_wconf 95' lang='lat' dir='ltr'>ob</span> <span class='ocrx_word' id='word_1_331' title='bbox 1462 3714 1638 3762; x_wconf 90' lang='lat' dir='ltr'>oculos</span> <span class='ocrx_word' id='word_1_332' title='bbox 1675 3716 2026 3776; x_wconf 91' lang='lat' dir='ltr'>ponerentur,</span> <span class='ocrx_word' id='word_1_333' title='bbox 2076 3717 2233 3775; x_wconf 90' lang='lat' dir='ltr'>atque</span> <span class='ocrx_word' id='word_1_334' title='bbox 2279 3713 2354 3761; x_wconf 91' lang='lat' dir='ltr'>ita</span> <span class='ocrx_word' id='word_1_335' title='bbox 2390 3704 2507 3760; x_wconf 60' lang='lat' dir='ltr'>tum&#39;</span> 
     </span>
     <span class='ocr_line' id='line_1_37' title="bbox 220 3788 2503 3853; baseline 0.001 -18"><span class='ocrx_word' id='word_1_336' title='bbox 220 3788 336 3835; x_wconf 92' lang='lat' dir='ltr'>finis</span> <span class='ocrx_word' id='word_1_337' title='bbox 373 3788 590 3837; x_wconf 78' lang='lat' dir='ltr'>Concilii</span> <span class='ocrx_word' id='word_1_338' title='bbox 626 3788 869 3837; x_wconf 90' lang='lat' dir='ltr'>Vaticani</span> <span class='ocrx_word' id='word_1_339' title='bbox 904 3789 957 3837; x_wconf 90' lang='lat' dir='ltr'>in</span> <span class='ocrx_word' id='word_1_340' title='bbox 995 3790 1309 3850; x_wconf 86' lang='lat' dir='ltr'>universum,</span> <span class='ocrx_word' id='word_1_341' title='bbox 1350 3795 1458 3838; x_wconf 90' lang='lat' dir='ltr'>tum</span> <span class='ocrx_word' id='word_1_342' title='bbox 1495 3791 1735 3853; x_wconf 89' lang='lat' dir='ltr'>proprius</span> <span class='ocrx_word' id='word_1_343' title='bbox 1770 3789 2216 3839; x_wconf 80' lang='lat' dir='ltr'>Constitutionum</span> <span class='ocrx_word' id='word_1_344' title='bbox 2254 3790 2503 3851; x_wconf 88' lang='lat' dir='ltr'>dogmati-</span> 
     </span>
     <span class='ocr_line' id='line_1_38' title="bbox 222 3866 2501 3931; baseline 0.001 -18"><span class='ocrx_word' id='word_1_345' title='bbox 222 3881 401 3913; x_wconf 91' lang='lat' dir='ltr'>carum</span> <span class='ocrx_word' id='word_1_346' title='bbox 439 3882 624 3929; x_wconf 89' lang='lat' dir='ltr'>scopus</span> <span class='ocrx_word' id='word_1_347' title='bbox 662 3867 999 3915; x_wconf 89' lang='lat' dir='ltr'>indicaretur.</span> <span class='ocrx_word' id='word_1_348' title='bbox 1071 3866 1171 3924; x_wconf 80' lang='lat' dir='ltr'>Qui</span> <span class='ocrx_word' id='word_1_349' title='bbox 1221 3883 1409 3931; x_wconf 90' lang='lat' dir='ltr'>scopus</span> <span class='ocrx_word' id='word_1_350' title='bbox 1449 3884 1561 3916; x_wconf 91' lang='lat' dir='ltr'>esse</span> <span class='ocrx_word' id='word_1_351' title='bbox 1598 3884 1701 3916; x_wconf 89' lang='lat' dir='ltr'>non</span> <span class='ocrx_word' id='word_1_352' title='bbox 1738 3871 1938 3931; x_wconf 86' lang='lat' dir='ltr'>potest,</span> <span class='ocrx_word' id='word_1_353' title='bbox 1988 3872 2045 3916; x_wconf 94' lang='lat' dir='ltr'>ut</span> <span class='ocrx_word' id='word_1_354' title='bbox 2083 3867 2202 3916; x_wconf 88' lang='lat' dir='ltr'>fidei</span> <span class='ocrx_word' id='word_1_355' title='bbox 2241 3868 2501 3930; x_wconf 83' lang='lat' dir='ltr'>dogmata,</span> 
     </span>
     <span class='ocr_line' id='line_1_39' title="bbox 222 3943 2501 4009; baseline 0.001 -18"><span class='ocrx_word' id='word_1_356' title='bbox 222 3943 286 3991; x_wconf 92' lang='lat' dir='ltr'>de</span> <span class='ocrx_word' id='word_1_357' title='bbox 324 3943 512 4005; x_wconf 90' lang='lat' dir='ltr'>quibus</span> <span class='ocrx_word' id='word_1_358' title='bbox 549 3944 738 4006; x_wconf 86' lang='lat' dir='ltr'>agitur,</span> <span class='ocrx_word' id='word_1_359' title='bbox 776 3945 928 4007; x_wconf 91' lang='lat' dir='ltr'>plene</span> <span class='ocrx_word' id='word_1_360' title='bbox 958 3945 1305 4007; x_wconf 90' lang='lat' dir='ltr'>declarentur,</span> <span class='ocrx_word' id='word_1_361' title='bbox 1346 3946 1433 3994; x_wconf 90' lang='lat' dir='ltr'>sed</span> <span class='ocrx_word' id='word_1_362' title='bbox 1462 3950 1720 4009; x_wconf 89' lang='lat' dir='ltr'>quatenus</span> <span class='ocrx_word' id='word_1_363' title='bbox 1746 3946 2100 3994; x_wconf 86' lang='lat' dir='ltr'>necessarium</span> <span class='ocrx_word' id='word_1_364' title='bbox 2128 3949 2206 3994; x_wconf 88' lang='lat' dir='ltr'>est</span> <span class='ocrx_word' id='word_1_365' title='bbox 2232 3945 2297 3993; x_wconf 92' lang='lat' dir='ltr'>ad</span> <span class='ocrx_word' id='word_1_366' title='bbox 2323 3944 2501 3993; x_wconf 91' lang='lat' dir='ltr'>fideles</span> 
     </span>
    </p>
   </div>
  </div>
 </body>
</html>
