2548 4290
383 172 626 215 Comment.
659 170 740 212 ΙΙΙ.
795 171 864 210 De-
894 170 1122 209 Primatus
1156 181 1256 208 cum
1289 168 1492 207 Romana
1523 167 1628 207 sede
1660 168 1950 207 connexione.
2173 163 2271 213 139

198 315 316 367 Iam
356 313 702 366 Cardinalem
740 312 1030 363 Franzelin
1079 311 1312 362 vidimus
1361 327 1591 377 negare,
1646 309 1903 361 unionem
1956 307 2105 359 illam
2145 307 2275 357 iuris

57 398 223 453 divini
251 414 383 449 esse.
437 396 491 447 Is
530 397 713 464 igitur,
755 395 847 464 qui
886 412 1025 446 unus
1054 411 1082 446 e
1123 393 1430 462 praecipuis
1458 393 1712 444 Vaticani
1739 392 1965 444 Concilii
2006 390 2274 458 theologis

53 484 109 535 in
159 482 274 533 eius
316 478 802 532 Constitutionibus
856 478 1175 546 dogmaticis
1215 476 1560 528 elaborandis
1610 476 1840 527 multum
1892 474 2275 543 occupabatur,

55 582 163 619 non
203 563 427 626 censuit,
478 561 935 614 Constitutionem
976 562 1206 629 primam
1246 560 1312 611 de
1353 559 1599 611 Ecclesia
1644 559 1940 627 quidquam
1980 558 2274 622 continere,

56 664 160 718 quo
194 646 453 698 doceatur
480 645 569 696 vel
608 644 754 696 unde
797 643 1046 696 concludi
1073 644 1256 712 possit,
1298 643 1556 694 unionem
1583 643 1732 693 illam
1773 659 1889 693 esse
1928 642 2060 692 iuris
2090 640 2274 692 divini.

195 729 376 781 Aliter
427 727 687 779 iudicavit
738 727 1012 778 Palmieri.
1100 726 1183 777 Ne
1235 727 1278 777 is
1336 725 1553 795 quidem
1612 726 1869 776 unionem
1927 725 2057 775 iuris
2108 723 2276 775 divini

55 829 197 879 esse,
252 812 308 862 in
350 809 750 863 Constitutione
805 811 978 878 prima
1029 809 1095 861 de
1147 808 1395 860 Ecclesia
1432 808 1735 876 formaliter
1786 808 2058 859 enuntiari
2112 806 2275 870 dicit3

53 895 148 948 sed
188 899 357 964 putat,
399 894 538 946 hanc
575 893 892 960 doctrinam,
933 898 992 944 ut
1033 910 1102 943 ex
1130 892 1358 944 Concilii
1385 892 1707 957 Florentini,
1749 892 1823 943 ita
1862 892 2027 943 etiam
2070 908 2139 941 ex
2166 888 2275 940 Va-

55 979 219 1031 ticani
260 977 577 1029 definitione
621 976 817 1029 deduci
858 993 1031 1045 posse.
1109 975 1256 1027 Dicit
1296 976 1471 1040 enim,
1513 975 1580 1026 ab
1622 975 1703 1026 his
1746 974 2002 1026 Conciliis
2044 973 2272 1038 definiri,

46 1060 360 1134 *Romanum
399 1059 722 1111 Pontificem
764 1076 879 1111 esse
922 1059 1074 1110 Petri
1125 1075 1491 1110 successorem
1546 1063 1598 1109 et
1638 1057 1936 1109 Primatem
1976 1056 2273 1109 Ecclesiae.

55 1142 213 1204 Quod
252 1148 432 1194 autem
475 1161 506 1194 a
546 1142 789 1194 Concilio
831 1142 1178 1194 oecumenico
1223 1142 1527 1206 definiatur,
1569 1141 1624 1192 id
1664 1158 1879 1210 semper
1919 1146 1972 1192 et
2010 1141 2066 1191 in
2109 1140 2276 1192 omni·

54 1226 152 1279 bus
203 1226 618 1278 circumstantiis
670 1243 859 1278 verum
901 1243 1034 1277 esse.
1111 1225 1298 1294 Usque
1340 1224 1407 1276 ad
1459 1226 1980 1276 consummationem
2036 1224 2277 1275 saeculo-

53 1327 173 1362 rum
211 1309 378 1378 igitur
417 1326 606 1361 verum
646 1308 780 1375 fore,
822 1309 1129 1361 Romanum
1168 1308 1488 1359 Pontificem
1528 1308 1830 1358 Primatum
1866 1307 2144 1359 Ecclesiae
2186 1306 2276 1358 ob-

54 1393 245 1445 tinere.
321 1391 439 1444 Iam
489 1393 754 1444 rationem
808 1393 968 1442 aliam
1021 1391 1179 1442 huius
1235 1391 1688 1442 incommutabilis
1742 1391 1956 1442 unionis
2005 1391 2277 1441 Primatus

56 1493 177 1528 cum
216 1474 464 1527 Romana
514 1475 641 1527 sede
697 1492 813 1527 esse
854 1494 963 1527 non
1002 1492 1189 1543 posse,
1241 1476 1343 1526 nisi
1395 1474 1539 1543 quod
1591 1474 1760 1526 divini
1811 1475 1941 1525 iuris
1981 1474 2049 1524 sit
2089 1478 2143 1525 et
2183 1473 2280 1523 hu-

56 1577 247 1612 manae
288 1560 546 1628 potestati
585 1559 877 1611 subtracta.
957 1558 1246 1611 Concludit
1286 1559 1481 1626 igitur,
1525 1558 1715 1609 saltem
1758 1563 1982 1609 eatenus
2024 1558 2278 1607 unionem

56 1642 206 1694 illam
261 1642 430 1694 divini
483 1643 615 1694 iuris
656 1660 802 1708 esse,
859 1652 1124 1711 quatenus
1167 1641 1441 1707 Christus,
1496 1642 1706 1693 etiamsi
1747 1642 1912 1693 Petro
1956 1641 2278 1692 electionem

57 1727 215 1793 sedis,
258 1743 379 1778 cum
409 1745 515 1796 qua
549 1728 964 1795 coniungendus
992 1728 1058 1778 sit
1082 1728 1371 1792 Primatus,
1414 1726 1734 1795 permiserit,
1777 1725 2100 1776 electionem
2140 1722 2280 1774 sedis

58 1809 339 1862 Romanae
391 1811 613 1880 speciali
671 1810 828 1863 modo
877 1819 1051 1863 ratam
1102 1811 1368 1862 habuerit.
1449 1809 1564 1861 Imo
1615 1809 1898 1878 probabile
1959 1826 2074 1860 esse
2133 1807 2278 1871 dicit,

57 1894 234 1963 ipsum
276 1893 550 1945 Christum
591 1894 897 1946 Romanam
937 1894 1121 1946 sedem
1162 1894 1390 1962 elegisse
1414 1894 1750 1962 Petrumque
1792 1893 1919 1943 illuc
1961 1892 2222 1943 direxisse
2246 1890 2279 1941 1.

204 1976 363 2036 Quod
404 1985 785 2045 argumentum
825 1978 979 2030 nobis
1019 1978 1237 2047 probari
1279 1995 1386 2028 non
1427 1994 1582 2045 posse
1622 1977 1852 2028 videtur.
1906 1976 2096 2027 Potest
2136 1975 2279 2026 enim

60 2059 264 2128 aliquid
314 2078 346 2111 a
379 2060 621 2112 Concilio
664 2061 906 2127 definiri,
962 2061 1137 2130 quod,
1192 2079 1355 2130 quum
1409 2060 1646 2129 pendeat
1699 2060 1766 2112 ab
1808 2060 2145 2110 institutione
2186 2075 2281 2109 seu

61 2142 203 2195 facto
243 2144 508 2210 mutabili,
550 2162 657 2196 non
686 2145 991 2197 necessario
1032 2163 1246 2214 semper
1274 2162 1462 2196 verum
1490 2149 1686 2196 manet.
1741 2142 1934 2212 Neque
1977 2144 2120 2194 enim
2150 2159 2198 2193 v.
2227 2158 2279 2209 g.

66 2227 236 2292 video,
278 2243 373 2278 cur
413 2227 625 2279 definiri
665 2247 773 2280 non
802 2229 985 2297 possit,
1025 2228 1270 2280 Leonem
1299 2228 1460 2280 XIII.
1503 2245 1618 2279 esse
1649 2228 1929 2279 Summum
1958 2226 2280 2278 Pontificem

62 2316 114 2364 et
152 2311 303 2364 Petri
354 2329 750 2377 successorem3
811 2331 1002 2365 revera
1053 2314 1195 2365 inter
1244 2312 1526 2376 articulos,
1583 2312 1646 2363 de
1704 2312 1897 2381 quibus
1949 2310 2177 2362 Wielcff
2228 2317 2280 2363 et

64 2395 211 2447 Huss
250 2396 623 2465 interrogandi
665 2404 850 2463 erant,
893 2397 1274 2449 continebatur
1317 2397 1438 2463 (art.
1482 2396 1719 2462 XXIV.)
1763 2396 2034 2464 quaestio:
2092 2395 2280 2460 „Item,

64 2485 243 2531 utrum
284 2481 483 2546 credat,
526 2481 669 2550 quod
700 2482 853 2551 Papa
886 2483 1142 2533 canonice
1186 2482 1406 2545 electus,
1449 2483 1539 2550 qui
1573 2498 1671 2548 pro
1711 2486 1926 2548 tempore
1952 2479 2138 2547 fuerit,
2177 2481 2283 2530 eius

64 2565 261 2615 nomine
291 2566 507 2632 proprio
543 2583 798 2633 expresso,
858 2566 924 2616 sit
964 2583 1240 2617 successor
1281 2566 1344 2618 B.
1387 2565 1554 2629 Petri,
1596 2564 1800 2616 habens
1841 2581 2150 2632 supremam
2191 2581 2282 2632 po-

63 2652 313 2698 testatem
354 2648 409 2698 in
447 2647 694 2699 Ecclesia
733 2648 888 2701 Dei.“
945 2648 1276 2717 Exemplum
1319 2648 1617 2699 conciliaris
1660 2647 2003 2711 definitioniS,
2047 2664 2151 2715 qua
2191 2646 2282 2698 de-

65 2729 279 2796 finitur,
332 2730 476 2799 quod
530 2732 725 2782 mutari
766 2737 971 2801 potest,
1023 2737 1102 2783 est
1156 2748 1329 2783 canon
1373 2734 1419 2782 9.
1463 2731 1726 2782 Sessionis
1774 2732 1852 2780 13.
1896 2729 2124 2781 Concilii
2165 2729 2282 2780 Tri-

66 2811 301 2864 dentini:
364 2812 455 2878 „Si
496 2815 614 2883 quis
652 2815 962 2882 negaverit,
1018 2832 1203 2866 omnes
1245 2823 1298 2866 et
1338 2814 1579 2881 singulos
1621 2812 1820 2864 Christi
1859 2812 2047 2864 fideles
2085 2813 2282 2863 utrius-

61 2914 164 2966 que
193 2914 372 2963 sexuS,
414 2914 535 2948 cum
563 2898 630 2949 ad
658 2917 828 2950 annos
865 2899 1203 2950 discretionis
1242 2898 1609 2967 pervenerint,
1651 2898 1825 2949 teneri
1864 2897 2090 2963 singulis
2130 2897 2282 2947 annis

62 2979 254 3031 saltem
293 2980 349 3031 in
389 2980 655 3033 Paschate
708 2982 773 3033 ad
817 2982 1358 3049 communicandum,
1414 2983 1570 3031 iuxta
1619 2986 1976 3049 praeceptum
2017 2999 2057 3031 s,
2099 2980 2282 3031 matris

62 3061 371 3130 Ecclesiae,
424 3065 714 3117 anathema
753 3066 870 3117 sit.“
950 3065 1014 3116 Id
1066 3066 1255 3134 negari
1308 3066 1484 3134 potuit
1541 3070 1666 3115 ante
1717 3065 1883 3115 latam
1936 3063 2001 3114 de
2043 3062 2283 3130 paschali

63 3148 439 3200 communione
496 3149 676 3217 legem
717 3155 769 3200 et
808 3150 998 3217 negari
1055 3150 1282 3218 poterit,
1340 3150 1383 3200 si
1434 3148 1729 3216 abrogatur
1784 3148 1871 3199 vel
1911 3152 2150 3198 mutatur
2191 3146 2281 3198 lex

6 3283 11 3286 ,
64 3228 176 3280 sive
216 3247 313 3298 pro
355 3235 468 3282 tota
506 3230 754 3283 Ecclesia
794 3232 906 3282 sive
947 3249 1044 3299 pro
1084 3232 1266 3300 aliqua
1308 3232 1421 3282 eius
1467 3236 1639 3299 parte.
1717 3231 1909 3298 ltaque
1951 3229 2281 3294 definitione,

64 3328 169 3380 qua
207 3313 278 3377 is,
332 3314 423 3381 qui
473 3314 528 3365 in
570 3313 845 3366 Cathedra
885 3314 1133 3366 Romana
1173 3315 1338 3365 Petro
1378 3314 1658 3379 succedat,
1712 3314 2013 3365 Primatum
2061 3314 2175 3364 eius
2225 3313 2281 3363 in

65 3394 373 3446 universam
411 3395 713 3448 Ecclesiam
767 3397 1012 3449 obtinere
1054 3397 1277 3462 dicitur,
1334 3397 1467 3448 nihil
1522 3397 1831 3448 continetur
1882 3414 2056 3464 neque
2098 3397 2162 3447 de
2202 3397 2281 3446 in-

66 3477 549 3530 commutabilitate
590 3481 945 3532 connexionis
986 3480 1259 3531 Primatus
1313 3496 1433 3530 cum
1474 3479 1722 3530 Romana
1773 3479 1928 3544 sede,
1986 3496 2162 3547 neque
2216 3478 2281 3530 de

66 3564 285 3612 auctore
327 3562 467 3627 eiuS,
518 3566 698 3614 utrum
747 3564 790 3614 is
841 3581 912 3614 sc.
954 3564 1021 3614 sit
1072 3563 1185 3631 ipse
1228 3562 1471 3614 Christus
1512 3580 1579 3613 an
1637 3563 1841 3631 primus
1883 3562 1995 3612 eius
2036 3562 2282 3613 vicarius.

66 3640 444 3695 Examinanda
491 3645 656 3712 igitur
707 3645 948 3697 definitio
991 3651 1102 3710 est,
1163 3652 1215 3696 et
1267 3646 1595 3711 videndum,
1648 3663 1779 3696 num
1830 3644 1959 3713 quid
2009 3645 2126 3696 aliis
2169 3646 2282 3697 eius

43 3724 248 3782 „verbis
289 3725 355 3777 de
398 3743 461 3777 ea
499 3744 557 3778 re
600 3727 875 3781 doceatur.

216 3897 230 3924 ¹
267 3899 520 3959 Palmieri‚
558 3900 830 3947 Tractatus
868 3902 927 3948 de
962 3901 1190 3948 Romano
1229 3901 1470 3949 Pontifice
1507 3918 1553 3963 p.
1590 3904 1682 3948 336
1721 3917 1828 3963 sqq.
