2548 4290
768 198 1013 240 Comment.
1045 198 1125 238 ΙΙΙ.
1182 199 1248 238 De
1280 197 1325 239 S.
1360 197 1608 251 Scriptura.
2230 196 2293 246 51

80 344 332 413 Denique
373 344 416 396 si
456 342 676 412 aliquod
704 360 838 411 opus
878 342 1027 409 pium
1061 347 1113 393 et
1142 341 1395 406 salutare,
1435 341 1671 392 humana
1698 340 1966 392 industria
2005 358 2076 392 ex
2117 340 2298 391 divino

76 427 338 479 instinctu
376 426 761 496 compositum,
803 424 1020 494 publico
1061 424 1368 476 testimonio
1411 423 1641 493 Spiritus
1682 424 1867 476 Sancti
1907 423 2300 493 approbaretur

75 516 335 579 tanquam
386 511 441 562 in
494 509 739 561 omnibus
789 509 898 559 suis
938 508 1181 576 partibus
1233 507 1604 573 verissimum,
1655 507 1762 558 tale
1813 525 1947 577 opus
1986 507 2300 559 habiturum

70 595 454 646 auctoritatem
481 610 652 662 aeque
680 591 1024 644 infallibilem
1053 596 1215 660 atque
1247 591 1579 660 Scripturam
1604 591 1858 643 Sacram.‘
1907 591 2014 643 Sed
2043 607 2299 659 expresse

76 677 273 730 iterum
324 676 631 741 adnotavit,
688 693 744 727 se
785 676 951 727 hocce
992 674 1331 727 solummodo
1387 674 1614 739 dixisse,
1667 674 1812 743 quod
1851 675 2135 744 possibile,
2192 691 2301 725 non

72 765 261 812 autem
300 759 443 828 quod
482 776 671 828 reapse
711 759 766 809 in
807 775 1032 828 corpore
1075 763 1129 810 et
1169 775 1376 809 canone
1419 757 1733 826 Scripturae
1764 755 1960 809 Sacrae
2001 758 2123 810 talis
2164 757 2302 808 liber

76 843 400 895 inveniatur.
457 841 594 894 Cum
634 841 779 893 enim
821 859 890 893 ex
931 840 1162 909 quadam
1204 840 1539 909 negligentia
1578 840 1692 909 ipse
1722 841 2052 892 mentionem
2088 839 2303 892 fecisset

73 925 145 978 de
173 925 309 976 libro
339 924 575 977 secundo
604 924 1080 989 Machabaeorum,
1123 924 1274 992 quasi
1302 923 1438 975 liber
1466 923 1567 974 iste
1596 923 1690 974 tali
1717 923 1927 975 ratione
1970 923 2134 975 fuerit
2176 940 2302 975 con-

73 1007 276 1074 fectUS,
329 1007 673 1078 postmodum
714 1008 814 1060 hoc
855 1008 1072 1059 omnino
1125 1007 1465 1072 retractavit,
1523 1006 1779 1075 equidem
1830 1007 2043 1072 dicenS,
2096 1025 2152 1059 se
2193 1024 2302 1058 non

72 1091 278 1151 dixisse
320 1109 389 1144 ex
427 1093 621 1161 seipso,
663 1091 759 1144 sed
798 1092 1007 1143 ratione
1049 1090 1235 1142 habita
1274 1090 1727 1155 adversariorum,
1775 1091 1867 1159 qui
1905 1090 2303 1160 impugnabant

76 1175 221 1227 hunc
259 1175 486 1241 librum,
539 1174 693 1244 quasi
731 1174 969 1226 humana
1008 1173 1273 1225 industria
1314 1172 1476 1224 fuerit
1516 1179 1797 1225 exaratus:
1859 1191 1989 1243 ergo
2031 1174 2302 1226 sententia

77 1257 198 1324 illa,
251 1275 389 1326 quae
429 1258 515 1309 hic
556 1257 872 1323 damnatur,
927 1257 1077 1309 nullo
1132 1256 1288 1309 modo
1344 1255 1510 1307 debet
1560 1256 1821 1308 confundi
1872 1275 1992 1309 cum
2032 1257 2303 1309 sententia

74 1340 251 1395 Lessii
292 1345 345 1393 et
383 1340 854 1394 Lovaniensium.“
880 1340 896 1372 ¹

221 1424 349 1476 Alia
389 1424 630 1492 quaestio
673 1424 799 1476 oriri
849 1428 1028 1493 potest
1068 1428 1121 1475 et
1161 1429 1278 1476 orta
1319 1429 1398 1476 est
1446 1424 1500 1475 in
1543 1423 1787 1475 Concilio
1827 1424 2121 1487 VaticanO,
2174 1441 2303 1474 num

76 1507 166 1560 vel
205 1506 474 1576 quomodo
528 1506 662 1558 liber
718 1508 1006 1558 canonicus
1059 1506 1126 1558 ab
1178 1507 1438 1576 inspirato
1491 1506 1720 1558 differat.
1798 1506 2035 1557 Indicari
2091 1506 2305 1557 videtur

72 1590 366 1642 discrimen
408 1590 461 1641 in
513 1590 629 1657 ipso
683 1590 930 1654 decreto,
987 1608 1151 1659 quum
1194 1591 1438 1642 Ecclesia
1488 1590 1609 1641 illos
1660 1589 1826 1641 libros
1883 1608 2011 1658 „pro
2064 1591 2226 1641 sacris
2264 1595 2306 1641 et

73 1674 363 1727 canonicis“
396 1673 598 1726 habere
627 1674 853 1739 dicatur,
889 1673 1065 1742 „quod
1085 1673 1286 1742 Spiritu
1312 1674 1496 1726 Sancto
1524 1675 1812 1741 inspirante
1837 1674 2107 1741 conscripti
2133 1673 2305 1725 Deum

72 1758 261 1810 habent
298 1763 567 1824 auctorem,
606 1764 767 1826 atque
808 1763 864 1808 ut
901 1758 1022 1809 tales
1059 1759 1161 1825 ipsi
1198 1758 1446 1809 Ecclesiae
1484 1757 1665 1808 traditi
1703 1757 1879 1809 sunt“.
1958 1757 2116 1808 Prius
2158 1758 2303 1809 enim

80 1840 218 1895 illud
255 1840 500 1909 profecto
541 1840 752 1906 sufficit,
794 1847 853 1892 ut
892 1841 1014 1892 libri
1056 1841 1358 1893 habeantur
1399 1859 1495 1910 pro
1539 1843 1805 1909 inspiratis
1822 1860 1840 1906 ;
1880 1841 2112 1893 alterum
2153 1858 2306 1910 prae-

78 1929 233 1977 terea
270 1925 470 1993 requiri
511 1924 742 1990 videtur,
784 1930 842 1976 ut
882 1926 987 1976 sint
1028 1926 1190 1976 etiam
1231 1926 1474 1976 canonici.

230 2006 337 2059 Sed
376 2008 432 2058 in
471 2008 733 2060 relatione
774 2008 991 2059 nomine
1021 2007 1387 2076 deputationis
1427 2006 1612 2059 habita
1640 2007 1996 2071 BrixincnsiS,
2039 2025 2202 2076 quum
2238 2008 2305 2059 ad

80 2090 298 2143 tertiam
339 2091 741 2160 paragraphum
781 2091 1135 2160 pervenisset,
1176 2087 1626 2142 aniinadvertit²2
1685 2090 1835 2155 „Hac
1877 2091 2156 2143 occasione
2199 2109 2305 2143 non

81 2178 302 2243 possum
342 2191 448 2225 non
487 2173 801 2240 advertere,
844 2175 988 2243 quod
1027 2175 1081 2225 in
1122 2174 1394 2226 schemate
1437 2179 1619 2225 nostro
1660 2173 1796 2225 liber
1837 2175 2124 2226 canonicus
2163 2175 2307 2227 idem

79 2257 153 2309 sit
191 2274 254 2309 ac
293 2256 431 2309 liber
482 2274 633 2309 sacer
684 2275 779 2310 seu
830 2259 1148 2328 inspiratus:
1204 2276 1369 2327 quum
1409 2263 1593 2309 tamen
1634 2258 1882 2310 videatur
1923 2277 2060 2310 unus
2100 2259 2306 2311 alterve

83 2340 621 2404 Rffiorumfflatrum
679 2342 915 2411 aliquam
970 2342 1256 2394 admittere
1314 2342 1715 2394 distinctionem
1770 2342 1909 2393 inter
1964 2343 2161 2393 librum
2223 2361 2306 2395 ca-

84 2424 338 2476 nonicum
380 2429 433 2476 et
474 2425 819 2493 inspiratum,
876 2425 1198 2494 paucissima
1239 2425 1336 2477 hac
1377 2425 1441 2476 de
1484 2443 1542 2476 re
1584 2425 1808 2476 dica1n.“
1890 2425 2070 2477 Affcrt
2111 2427 2307 2479 deinde

79 2506 268 2576 aliqua
309 2507 633 2560 documenta
673 2509 1010 2578 antiquitatis
1052 2509 1393 2574 christianae,
1437 2509 1629 2577 quibus
1669 2509 1795 2560 libri
1834 2510 2080 2579 inspirati
2122 2511 2306 2562 dicun·

81 2595 172 2641 tur
212 2590 378 2642 iidem
418 2592 663 2643 canonici
705 2597 758 2644 et
799 2596 987 2643 contra
1027 2592 1272 2644 canonici
1312 2593 1573 2661 inspirati.

230 2673 410 2733 Quum
448 2679 630 2726 autem
683 2675 748 2726 de
789 2675 1000 2743 integro
1043 2675 1317 2727 schemate
1359 2675 1620 2743 suffragia
1659 2682 2004 2744 rogarentur,
2058 2695 2196 2728 unus
2238 2696 2307 2730 ex

84 2755 341 2808 Patribus
381 2774 476 2808 suo
523 2756 775 2823 „Placet“
823 2758 1186 2810 conditionem
1230 2759 1453 2824 adiecit,
1496 2766 1553 2810 ut
1593 2760 1740 2810 locus
1780 2777 1943 2828 supra
1984 2777 2308 2813 commemo-

83 2843 232 2891 ratus
260 2845 561 2892 mutaretur
590 2845 643 2892 et
673 2841 867 2892 clarius
902 2843 1292 2907 enuntiaretur,
1335 2842 1477 2911 quod
1507 2843 1795 2895 discrimen
1822 2844 1962 2896 inter
2002 2844 2200 2896 librum
2229 2863 2310 2897 ca-

83 2922 340 2975 nonicum
372 2929 425 2975 et
453 2925 773 2994 inspiratum
798 2930 1052 2977 exstaret.
1101 2926 1293 2992 „Ratio
1316 2928 1548 2978 canonici
1576 2926 1852 2979 derivatur
1871 2945 1939 2979 ex
1969 2929 2083 2994 eo,‘⁴'
2117 2929 2307 2998 inquit,

85 3006 267 3075 „quod
307 3006 567 3074 Ecclesia,
609 3008 871 3060 librorum
913 3008 1194 3061 divinitate
1239 3010 1332 3074 (ex
1372 3010 1711 3076 Traditione)
1754 3012 2052 3080 recognita,
2094 3013 2214 3064 illos
2254 3014 2308 3064 in

84 3105 350 3142 canonem
392 3096 640 3143 recenset
680 3096 734 3143 et
773 3092 852 3143 uti
892 3109 1071 3144 sacros
1109 3093 1451 3162 recipiendos
1493 3111 1608 3145 esse
1650 3094 1945 3147 declarat.“
2009 3095 2129 3163 „Ad
2164 3114 2305 3148 rem:

5 3228 8 3230 ,
84 3171 390 3226 Concilium
432 3175 813 3227 Tridentinum
852 3175 1018 3227 libros
1054 3176 1175 3227 illos
1216 3182 1274 3227 ut
1312 3194 1483 3228 saeros
1536 3195 1591 3228 se
1633 3178 1904 3246 suscipere
1956 3196 2018 3230 ac
2059 3181 2306 3231 venerari

83 3254 244 3323 dicit,
297 3261 351 3308 et
390 3263 742 3327 posteaquam
782 3259 997 3310 illorum
1036 3259 1271 3311 indicem
1323 3261 1619 3325 recensuit,
1673 3262 2018 3314 anathemate
2059 3264 2310 3332 percellit

84 3355 208 3404 eOS,
263 3339 353 3408 qui
402 3359 499 3410 pro
540 3343 702 3394 sacris
743 3348 797 3394 et
835 3344 1092 3394 canonicis
1139 3342 1358 3394 eosdem
1409 3362 1517 3395 non
1567 3347 1925 3414 receperint.“
2008 3347 2311 3416 Propterea

83 3421 406 3474 emendator
446 3425 847 3477 conclusionem
890 3424 1217 3477 definitionis
1246 3428 1498 3495 proponit
1527 3427 1695 3479 hanc:
1742 3469 1783 3494 „.
1814 3470 1824 3481 .
1857 3470 1867 3481 .
1897 3434 2058 3497 atque
2087 3435 2145 3480 ut
2173 3431 2308 3482 tales

84 3503 156 3556 ab
192 3504 308 3572 ipsa
335 3505 581 3559 Ecclesia
610 3509 835 3577 accepti,
876 3508 931 3558 in
960 3524 1223 3560 canonem
1252 3516 1375 3561 sunt
1402 3509 1558 3561 relati
1586 3528 1646 3562 ac
1676 3511 1926 3563 fidelibus
1956 3513 2249 3580 propositi“
2271 3513 2307 3564 3.

234 3587 439 3639 Locum
482 3591 881 3643 emendandum
924 3608 1039 3643 esse
1081 3592 1297 3644 nomine
1340 3592 1705 3662 deputationis
1745 3601 1909 3663 negat
1949 3595 2307 3650 BrixinensiS.

84 3668 282 3729 Quoad
335 3670 621 3724 discrimen
671 3679 853 3726 autem
905 3674 1048 3725 inter
1100 3674 1265 3726 libros
1318 3676 1602 3728 canonicos
1652 3682 1705 3728 et
1756 3678 2045 3746 inspiratos
2102 3680 2308 3748 aliquid

238 3852 253 3879 ²
288 3853 487 3900 Relatio
527 3862 620 3902 etc.
691 3856 744 3904 O.
781 3856 842 3903 V.
885 3859 1019 3903 140a
1056 3872 1165 3919 sqq.
1343 3857 1358 3883 ²
1397 3858 1528 3906 Ibid.
1600 3858 1654 3906 O.
1692 3858 1754 3905 V.
1797 3861 1885 3905 138
1903 3861 1930 3906 d
1969 3875 2078 3922 sqq.

236 3927 254 3954 ³
293 3929 682 3978 Emendationes
720 3935 815 3980 etc.
887 3932 941 3980 O.
979 3933 1039 3980 V.
1077 3933 1215 3979 225d
1253 3949 1323 3995 sq.

1889 4017 1957 4057 4²)ss
