2548 4290
230 101 333 153 160
396 101 510 142 Pars
541 101 601 141 ΙΙ.
657 99 813 142 Const.
849 99 904 140 de
935 100 1061 141 Eccl.
1126 98 1236 153 Cap.
1270 99 1328 141 11.
1387 99 1804 143 Commentationes
1842 100 1898 142 de
1931 101 2167 155 aliquibus
2199 101 2328 144 locis.

226 248 444 302 ferendi
484 251 729 318 potestas
771 263 945 317 penes
983 263 1176 317 regem
1218 251 1272 300 et
1313 252 1566 299 senatum
1595 246 1864 300 nobilium
1895 252 1995 313 est,
2038 264 2271 318 quorum
2307 253 2503 307 neuter
2528 238 2546 305 -ζ

225 334 375 388 solus
415 333 569 402 leges
610 331 757 385 ferre
811 331 998 402 possit.
1077 331 1217 384 Eam
1271 337 1458 385 autem
1500 331 1811 386 doctrinam
1865 332 2149 386 conciliari
2189 351 2300 386 non
2341 352 2503 405 posse
2528 360 2543 406 g

227 436 350 472 cum
378 417 690 471 Florentini
720 416 1061 484 definitione,
1106 417 1361 470 Romano
1393 417 1652 470 Pontifici
1697 418 1786 486 „in
1819 417 1983 471 beato
2013 417 2183 472 Petro
2224 419 2502 490 pascendi,-
2529 475 2548 482 ,-

225 502 460 573 regendi
500 520 564 555 ac
615 501 967 572 gubernandi
1022 501 1398 555 universalem
1438 501 1748 555 Ecclesiam
1790 520 1822 555 a
1862 502 2104 556 Domino
2145 508 2334 557 nostro
2376 503 2545 561 Iesu

227 588 444 642 Christo
476 587 692 657 plenam
743 592 1077 658 potestatem
1129 586 1390 640 traditam
1433 586 1607 651 esse“,
1662 586 1889 640 evidens
1941 592 2041 641 est.
2120 587 2306 650 Quare
2355 593 2504 646 recte
2538 585 2548 646 s

226 672 537 726 Cardinalis
561 673 726 740 Bilio,
768 679 828 725 ut
857 672 1109 726 doctrina
1148 673 1258 725 iam
1300 672 1528 726 definita
1570 672 1852 726 efficacius
1893 678 2085 726 contra
2125 691 2342 727 errores
2381 692 2505 745 pro·

224 763 526 828 tegeretur,
569 758 663 811 illo
703 758 929 810 canonis
958 757 1339 811 additamento
1369 757 1750 811 definitionem
1777 756 2089 811 Florentini
2120 757 2356 812 Concilii
2397 759 2509 825 cla,v
2535 816 2547 822 ‚

225 844 337 896 rius
379 844 546 896 etiam
588 843 827 914 proponi
868 843 1061 897 voluit.

371 928 458 981 De
499 928 663 994 modo,
704 946 811 998 quo
845 927 1044 981 Patres
1086 928 1340 999 deputati
1381 927 1823 981 additamentum
1854 927 2294 999 Congregationi
2334 946 2542 999 gene-0

224 1014 327 1067 rali
367 1019 805 1084 proposuerunt,
862 1014 1022 1066 multi
1063 1014 1261 1066 Patres
1301 1013 1591 1084 conquesti
1632 1019 1777 1080 sunt,
1828 1014 1975 1067 unde
2016 1019 2205 1068 tamen
2247 1013 2500 1069 concludi
2540 1074 2544 1075 ⁷

224 1117 334 1152 non
379 1098 578 1165 debet,
633 1105 714 1152 tot
754 1099 953 1152 Patres
993 1098 1286 1152 doctrinam
1328 1099 1396 1152 de
1451 1098 1802 1169 plenitudine
1844 1100 2135 1171 potestatis
2187 1099 2503 1170 pontificiae
2546 1090 2548 1093 ¹

224 1186 280 1238 in
323 1185 551 1238 dubium
593 1202 837 1238 vocasse.
894 1185 1201 1254 Sexaginta
1243 1185 1352 1238 duo
1395 1185 1593 1238 Patres
1634 1185 1870 1255 epistola
1910 1184 1963 1238 d.
1993 1187 2042 1239 9.
2072 1185 2202 1238 Iulii
2237 1184 2308 1238 ad
2335 1177 2548 1246 Prae-C

224 1270 371 1324 sides
412 1270 876 1341 Congregationis
930 1270 1210 1341 generalis
1264 1270 1395 1323 data
1426 1269 1468 1323 ¹:
1532 1269 1631 1338 „In
1685 1271 2008 1341 nuperrima
2051 1269 2543 1341 congregatione„

224 1356 528 1426 generali,“
574 1356 849 1427 inquiunt,
897 1374 1055 1424 „cum
1085 1357 1226 1409 votis
1267 1355 1672 1409 subiicerentur
1713 1357 1910 1427 capitis
1950 1356 2100 1410 tertii
2143 1356 2211 1410 de
2253 1355 2501 1410 Ecclesia

226 1441 670 1507 emendationeS,
732 1459 899 1512 super
952 1442 1182 1495 istarum
1235 1460 1385 1496 num.
1443 1443 1555 1509 70.,
1612 1442 1728 1509 71.,
1786 1443 1870 1496 72.
1922 1445 2069 1495 rffius
2126 1441 2548 1513 deputationis,⁴

225 1528 433 1581 relator
475 1546 546 1580 ex
588 1528 824 1581 ambone
868 1528 1191 1594 declaravit,
1236 1527 1655 1599 deputationem
1697 1527 1993 1582 admittere
2034 1546 2182 1582 num.
2228 1530 2312 1581 72.
2353 1528 2502 1581 iuoeta
2546 1546 2548 1548 ·

225 1614 438 1666 modum
494 1613 731 1684 ideoque
773 1613 842 1667 de
899 1632 1049 1665 num.
1096 1615 1180 1666 70.
1224 1618 1279 1666 et
1323 1617 1407 1668 71.
1450 1613 1719 1684 suffragia
1759 1631 1870 1667 non
1912 1631 2031 1667 esse
2085 1613 2349 1680 ferenda,
2405 1611 2503 1666 sed

227 1699 518 1752 dumtaxat
559 1699 627 1751 de
669 1717 817 1753 num.
863 1701 947 1753 72.
991 1699 1323 1752 modificato.

379 1784 757 1852 „Quibusdam
808 1784 1129 1855 petentibus
1171 1783 1432 1838 Patribus
1485 1801 1691 1853 canon,
1750 1802 1914 1855 quem
1966 1784 2251 1855 deputatio
2305 1801 2502 1855 propo·
2546 1854 2548 1857 Α

225 1872 349 1938 suit,
393 1872 541 1942 typis
577 1870 868 1923 mandatus
899 1876 998 1936 est,
1043 1876 1098 1923 et
1138 1889 1261 1923 cum
1292 1888 1419 1924 eum
1460 1887 1592 1940 prae
1622 1870 1796 1923 oculis
1837 1870 2187 1937 haberemus,
2229 1870 2503 1941 apparuit,

224 1958 402 2028 ipsum
446 1956 595 2008 haud
637 1957 922 2009 continere
965 1963 1216 2009 tenorem
1259 1955 1681 2023 emendationis,
1726 1973 1867 2026 quae
1908 1955 2008 2009 sub
2049 1974 2198 2010 num.
2244 1957 2330 2009 72.
2370 1955 2502 2025 legi-

225 2050 330 2110 tur,
388 2043 444 2095 in
487 2042 816 2113 quibusdam
860 2049 1166 2112 mutatum,
1207 2043 1305 2096 sed
1348 2042 1531 2113 potius
1573 2059 1871 2106 canonem,
1925 2047 2090 2113 prout
2130 2043 2186 2095 in
2226 2042 2504 2095 schemate

224 2129 480 2196 habetur,
523 2130 802 2199 integrum
844 2129 1073 2196 referre,
1117 2147 1224 2182 non
1270 2137 1456 2181 autem
1499 2128 1706 2181 solum:
1750 2147 1878 2181 nam
1919 2129 2128 2181 inserta
2156 2133 2239 2182 est
2277 2127 2503 2194 additio,

227 2233 391 2286 quam
433 2215 621 2284 magni
664 2232 783 2268 esse
823 2215 1090 2268 momenti
1134 2232 1296 2267 nemo
1342 2232 1452 2267 non
1492 2213 1661 2267 videt.

382 2300 771 2371 „Quapropter
814 2300 1161 2354 declaremus
1213 2305 1466 2371 oportet:
1522 2316 1663 2369 quae
1704 2304 1848 2352 rffius
1890 2299 2097 2353 relator
2138 2299 2206 2353 de
2249 2298 2505 2353 emende-

226 2387 375 2440 tione
421 2389 505 2441 72.
550 2387 773 2453 dixerit,
815 2405 927 2440 non
970 2386 1310 2440 concordare
1354 2404 1477 2438 cum
1519 2386 1613 2453 iis,
1656 2404 1798 2456 quae
1842 2385 1909 2439 de
1952 2403 2164 2439 canone
2205 2386 2368 2439 tertio
2413 2385 2504 2438 de-

227 2473 440 2543 putatio
485 2490 681 2543 reapse
723 2473 854 2543 egit.

382 2559 718 2626 „Praeterea
759 2559 1046 2612 decretum
1088 2559 1396 2629 Apostolicz‘s
1421 2557 1615 2611 Le'terz's
1654 2575 1704 2609 n.
1734 2556 1867 2611 XII.
1912 2557 2255 2629 praescribit,
2296 2562 2357 2611 ut
2396 2559 2505 2611 sui-

227 2644 404 2715 fragia
448 2645 913 2715 Congregationis
964 2646 1243 2715 generalis
1300 2644 1666 2715 exquirantur
1719 2661 1886 2714 super
1937 2644 2235 2715 propositis
2291 2643 2349 2696 in
2389 2643 2505 2714 ipsa

228 2731 568 2784 discussione
610 2730 1121 2784 emendationibus:
1165 2732 1354 2801 itaque
1395 2730 1640 2783 stabilito
1669 2746 1757 2782 res
1785 2729 2164 2798 pertractandi
2205 2728 2386 2783 ordini
2415 2729 2507 2782 ad-

226 2823 495 2885 versatur,
538 2823 598 2871 ut
639 2818 908 2888 suffragia
948 2819 1315 2889 exquirantur
1356 2835 1523 2888 super
1566 2816 1944 2869 additamento
1986 2817 2117 2870 satis
2157 2816 2317 2887 gravi
2355 2816 2507 2870 sche-

228 2905 357 2957 mati
403 2911 526 2974 post
569 2904 967 2957 discussionem
1008 2912 1062 2957 et
1104 2905 1263 2975 proin
1307 2904 1515 2974 absque
1558 2903 1896 2955 discussione
1932 2902 2096 2956 facto.
2152 2902 2504 2955 Postulamus

228 3008 379 3060 ergo,
421 2996 482 3042 ut
522 2990 579 3042 in
620 2990 896 3060 suffragiis
937 2991 1192 3060 proxime
1235 2989 1479 3043 ferendis
1509 2989 1739 3042 Patrum
1771 2995 1900 3040 vota
1928 2994 2188 3058 petantur
2218 2988 2286 3042 de
2322 3005 2506 3041 emen--

228 3075 450 3129 datione
484 3077 586 3141 72.,
631 3093 795 3146 quam
837 3076 881 3128 si
922 3076 1077 3130 reiici
1108 3075 1421 3145 contigerit,
1465 3092 1642 3128 canon
1682 3074 1894 3140 tertius,
1937 3079 2101 3143 prout
2130 3073 2185 3125 in
2227 3074 2504 3126 schemate

227 3161 481 3227 habetur,
525 3162 919 3231 proponatur.“

376 3245 688 3299 Audiamus
728 3247 915 3316 igitur,
960 3245 1238 3316 quomodo
1281 3246 1398 3315 ipse
1441 3246 1817 3318 deputationis
1858 3246 2081 3310 relator,
2124 3243 2294 3296 Rfflus
2323 3243 2489 3314 Episc

229 3333 466 3397 Zinelli,
527 3333 798 3385 relatione
858 3333 913 3384 in
970 3332 1225 3402 sequenti
1283 3332 1735 3403 Congregatione
1795 3331 2046 3402 generali
2102 3329 2321 3397 habita,
2389 3345 2499 3382 rem

229 3425 476 3488 exponat
501 3436 511 3470 :

383 3503 481 3571 „In
524 3508 801 3575 postrema
844 3502 1293 3573 Congregatione
1346 3503 1651 3573 generali“,
1705 3502 1913 3572 inquit,
1974 3519 2111 3570 „ego
2154 3501 2375 3553 nomine
2413 3498 2503 3550 de·

230 3591 532 3659 putationis
572 3583 790 3643 vestrae
833 3588 901 3642 de
942 3589 1050 3641 fide
1094 3588 1540 3642 emendationem
1582 3588 1682 3642 sub
1724 3605 1954 3640 numero
1996 3588 2080 3639 72.
2122 3603 2287 3655 super
2327 3584 2503 3655 capite

230 3676 392 3727 tertio
434 3676 605 3746 partis
647 3675 859 3745 primae
904 3674 1328 3728 Constitutionis
1381 3674 1448 3728 de
1486 3673 1740 3727 Ecclesia
1791 3672 2192 3727 admittendam
2244 3667 2504 3741 proposui

229 3759 388 3812 iuxta
441 3760 682 3813 modum.
763 3759 963 3813 Modus
1016 3766 1201 3812 autem
1256 3765 1375 3813 erat
1423 3777 1689 3830 sequenS,
1742 3758 1890 3829 quod
1941 3775 2143 3828 nempe
2196 3757 2252 3808 in
2294 3768 2503 3807 canone

382 3939 396 3966 ²
435 3939 489 3987 O.
529 3940 589 3987 V.
629 3942 784 3987 991a.
812 3941 859 3987 b.
