2548 4290
205 129 314 181 224
392 130 509 172 Pars
532 130 591 172 ΙΙ.
638 128 794 172 Const.
829 128 884 171 de
915 129 1041 171 Eccl.
1100 127 1212 185 Cap.
1244 129 1329 171 111.
1372 130 1484 185 Ipsa
1516 129 1799 173 Constitutio
1834 145 1937 174 cum
1968 133 2361 178 adnotationibus.

204 294 316 330 non
356 277 535 330 solum
576 275 631 328 in
672 275 867 343 rebUS,
929 294 1072 347 quae
1112 276 1181 330 ad
1221 276 1388 330 fidem
1430 282 1485 331 et
1527 296 1729 345 moreS,
1770 279 1868 333 sed
1910 280 2078 333 etiam
2118 281 2175 334 in
2215 282 2299 349 iis,
2342 300 2485 354 quae

204 361 274 415 ad
316 361 663 432 disciplinam
717 366 772 414 et
812 361 1106 432 regimen1
1147 361 1435 416 Ecclesiae
1489 381 1591 435 per
1630 370 1808 419 totum
1851 364 2041 419 orbem
2084 365 2318 421 diffusae
2359 386 2486 439 per-

202 447 408 512 tinent,
451 447 529 499 ita
568 451 630 498 ut
667 446 944 500 custodita
978 464 1103 500 cum
1130 447 1387 500 Romano
1417 447 1689 503 Pontifice
1715 455 1828 503 tam
1860 451 2278 519 communionis,
2321 470 2486 523 quam

204 531 452 585 eiusdem
493 531 624 584 fidei
664 531 1026 602 professionis
1066 533 1312 600 unitate,
1364 532 1619 587 Ecclesia
1660 534 1866 589 Christi
1909 536 1978 589 sit
2018 554 2160 589 unus
2201 554 2343 608 grex
2382 538 2485 591 sub

201 635 312 670 uno
354 635 565 670 summo
607 621 849 688 pastore.
903 617 1063 671 Haec
1104 623 1188 671 est
1229 618 1538 672 catholicae
1579 620 1829 674 veritatis
1871 620 2137 690 doctrina,
2180 640 2211 674 a
2252 640 2361 693 qua
2394 623 2487 676 de-

201 702 353 756 viare
394 703 547 756 salva
586 703 695 755 fide
737 707 904 773 atque
946 703 1124 757 salute
1165 722 1329 757 nemo
1371 709 1570 776 potest.

352 786 454 858 [3.]
485 790 725 842 Tantum
753 793 940 841 autem
966 789 1123 842 abest
1140 787 1178 856 2,
1206 794 1268 842 ut
1295 789 1434 843 haec
1457 790 1670 844 Summi
1694 790 1978 845 Pontificis
2007 798 2252 863 potestas
2280 792 2489 846 officiat

202 874 514 927 ordinariae
557 892 619 927 ac
660 874 1016 927 immediatae
1041 873 1062 906 3
1101 875 1183 927 illi
1226 875 1555 947 episcopalis
1598 876 1993 931 iurisdictionis
2034 879 2321 950 potestati,
2378 897 2488 950 qua

201 1005 341 1062 tant,
392 1005 483 1048 aut
520 1001 739 1063 dispersi
779 1001 867 1048 sed
905 1016 1022 1048 cum
1060 1016 1154 1049 suo
1194 1002 1388 1064 capite,
1444 1017 1545 1064 quo
1585 1018 1708 1050 casu
1747 1008 1869 1051 sunt
1904 1005 2017 1067 ipsa
2053 1004 2313 1067 Ecclesia,
2367 1021 2489 1054 vere

199 1078 405 1140 plenam
441 1083 755 1141 potestatem
798 1079 1010 1128 habent.
1083 1079 1155 1128 At
1203 1080 1365 1128 verba
1402 1080 1597 1129 Christi
1635 1082 1807 1129 omnia
1843 1083 2129 1131 consistere
2167 1083 2370 1133 debent.
2438 1083 2491 1132 Si

202 1171 266 1204 ex
304 1171 391 1217 eo,
442 1157 581 1219 quod
619 1173 735 1205 cum
771 1157 1069 1219 Apostolis,
1109 1173 1223 1205 cum
1262 1159 1420 1207 Petro
1460 1162 1511 1207 et
1549 1159 1968 1220 successoribus,
2008 1161 2243 1209 futurum
2284 1176 2338 1209 se
2375 1176 2489 1210 esse

199 1234 463 1296 promisit,
513 1235 721 1298 aliaque
759 1236 1042 1296 concessit,
1080 1241 1317 1299 apparet,
1354 1238 1490 1285 hanc
1526 1252 1648 1285 vere
1686 1237 1891 1299 plenam
1929 1241 1980 1286 et
2017 1254 2307 1302 supremam
2343 1242 2489 1302 pote-

202 1316 388 1360 statem
427 1329 539 1361 esse
575 1313 628 1361 in
654 1314 889 1362 Ecclesia
916 1330 1032 1362 cum
1061 1329 1151 1361 suo
1181 1315 1350 1377 capite
1379 1315 1673 1374 coniuncta,
1716 1316 1894 1364 eadem
1921 1332 2137 1378 prorsus
2162 1317 2381 1378 ratione,
2421 1331 2487 1364 ex

200 1405 279 1451 eo,
308 1392 446 1454 quod
474 1392 664 1439 similes
690 1392 1059 1455 promissiones
1086 1392 1256 1441 factae
1279 1398 1399 1441 sunt
1417 1393 1575 1441 Petro
1604 1393 1698 1440 soli
1728 1398 1778 1441 et
1805 1393 1915 1441 eius
1937 1395 2343 1454 successoribUS‚
2371 1410 2490 1443 con-

200 1468 509 1517 cludendum
531 1475 624 1530 est,
646 1486 768 1518 vere
786 1470 989 1532 plenam
1011 1475 1062 1518 et
1080 1486 1376 1534 supremam
1396 1475 1709 1534 potestatem
1731 1472 1972 1519 traditam
1996 1488 2109 1520 esse
2127 1471 2285 1521 Petro
2307 1472 2487 1521 eteius

201 1547 606 1608 successoribus,
647 1549 802 1596 etiam
840 1549 1254 1610 independenter
1292 1551 1355 1598 ab
1395 1549 1600 1597 actione
1627 1550 1888 1598 communi
1914 1567 2031 1599 cum
2057 1551 2171 1598 aliis
2196 1550 2485 1613 Episcopis.

352 1625 527 1686 „Quae
566 1626 667 1674 duo
705 1626 868 1674 amice
902 1626 1189 1674 consistere
1225 1633 1460 1689 possunt,
1501 1627 1623 1692 quin
1663 1628 1966 1689 dualismus,
2004 1629 2092 1691 qui
2128 1628 2487 1677 confusionem

200 1704 362 1765 parit,
400 1704 769 1752 introducatur
804 1705 856 1752 in
893 1704 1197 1753 Ecclesiam.
1269 1705 1382 1753 Hoc
1419 1710 1741 1768 postremum
1778 1707 2162 1754 incommodum
2211 1706 2489 1765 obtineret,

201 1782 242 1829 si
281 1783 414 1831 duae
452 1784 514 1831 ab
560 1783 780 1830 invicem
830 1783 1106 1831 distinctae
1158 1787 1209 1831 et
1246 1789 1521 1846 separatae
1558 1800 1681 1833 vere
1718 1785 1903 1846 plenae
1948 1789 2000 1832 et
2037 1800 2310 1847 supremae
2347 1788 2492 1847 pote-

199 1863 363 1908 states
401 1861 832 1921 admitterentur,
882 1865 938 1909 at
989 1876 1234 1923 separare
1274 1867 1430 1924 caput
1467 1878 1497 1909 a
1546 1862 1792 1912 membris
1831 1867 1911 1911 est
1962 1863 2226 1926 proprium
2264 1862 2492 1923 illorum,

202 1939 288 2002 qui
338 1940 623 1988 subiiciunt
667 1939 860 2001 Papam
912 1940 1180 2003 Episcopis
1232 1940 1504 1989 collective
1559 1941 1809 2004 sumptiS,
1865 1945 1957 1989 aut
2004 1940 2414 2004 repraesentatis
2463 1959 2494 1988 a

200 2016 431 2065 Concilio
473 2018 732 2080 generali3
770 2021 895 2066 tunc
935 2019 1068 2065 enim
1109 2019 1364 2081 sequitur,
1403 2034 1554 2081 posse
1592 2035 1658 2066 ex
1695 2035 1799 2067 una
1835 2024 1984 2082 parte
2023 2024 2163 2068 stare
2211 2018 2491 2082 aliquando

199 2095 523 2158 Pontificem,
552 2097 707 2145 etiam
735 2096 787 2144 in
816 2112 910 2144 sua
938 2097 1191 2160 qualitate
1210 2096 1477 2145 Pontificis
1499 2097 1710 2158 Summi,
1738 2102 1788 2146 et
1816 2114 1881 2145 ex
1899 2098 2001 2146 alia
2021 2102 2167 2161 parte
2187 2097 2471 2161 Episcopos

199 2173 241 2220 E
280 2176 541 2223 contrario
579 2191 673 2223 nos
710 2175 1049 2236 admittimus,
1089 2191 1210 2222 vere
1247 2176 1453 2238 plenam
1492 2180 1543 2224 et
1580 2192 1874 2239 supremam
1912 2180 2225 2239 potestatem
2264 2175 2479 2223 existere

198 2252 249 2300 in
288 2253 496 2301 Summo
535 2254 789 2302 Pontifice
831 2254 995 2302 veluti
1048 2255 1249 2313 capite,
1304 2260 1354 2301 et
1404 2254 1620 2301 eandem
1670 2270 1791 2302 vere
1837 2254 2043 2316 plenam
2093 2259 2143 2302 et
2191 2268 2481 2316 supremam

199 2334 515 2392 potestatem
555 2348 665 2380 esse
704 2332 858 2380 etiam
897 2333 950 2379 in
989 2332 1159 2395 capite
1199 2348 1313 2380 cum
1352 2332 1596 2381 membris
1635 2333 1941 2394 coniuncto,
1981 2332 2181 2380 scilieet
2219 2333 2271 2379 in
2308 2331 2483 2379 Ponti·

197 2407 293 2456 fiee
339 2425 454 2457 cum
491 2410 788 2473 Episcopis,
837 2410 980 2458 salvo
1021 2426 1223 2473 semper
1272 2414 1324 2457 et
1371 2410 1679 2458 inconcusso
1732 2410 1869 2474 quod
1920 2411 2064 2473 prius
2103 2408 2482 2457 admonuimus.

197 2487 311 2536 Hoc
347 2489 500 2537 modo
538 2505 805 2551 nunquam
845 2493 1016 2552 potest
1054 2490 1263 2536 evenire
1299 2504 1469 2549 casuS,
1511 2492 1570 2536 ut
1607 2488 1853 2552 Episcopi
1892 2491 2200 2551 separentur
2238 2490 2288 2535 et
2325 2486 2484 2535 divel-

197 2566 373 2616 lantur
410 2585 439 2616 a
478 2570 661 2632 capite.
734 2569 867 2616 Nam
907 2569 948 2616 si
998 2572 1208 2616 exercet
1246 2568 1485 2616 Summus
1524 2568 1771 2616 Pontifex
1816 2583 1962 2615 suam
2010 2570 2324 2630 potestatem
2359 2579 2483 2612 vere

199 2645 405 2708 plenam
445 2651 495 2695 et
533 2662 842 2710 supremam,
881 2646 1044 2694 veluti
1081 2650 1239 2709 caput
1278 2650 1329 2693 et
1367 2646 1522 2694 etiam
1560 2645 1974 2710 independenter
1999 2661 2029 2693 a
2067 2659 2322 2693 concursu
2359 2642 2485 2690 alio-

199 2740 330 2787 rum,
370 2726 542 2773 omnia
578 2726 809 2773 membra
847 2725 1018 2772 statim
1060 2725 1251 2774 debent
1287 2739 1391 2771 non
1428 2724 1674 2771 iudicium
1714 2723 1811 2771 sibi
1847 2738 2096 2786 arrogare
2134 2722 2196 2770 de
2233 2720 2483 2770 exercitio

198 2805 475 2866 potestatis
512 2805 840 2864 huiusmodi,
892 2804 981 2851 sed
1028 2820 1143 2851 cum
1194 2818 1286 2851 suo
1336 2804 1505 2867 capite
1554 2802 1888 2851 concordare.
1958 2802 2089 2849 Nam
2142 2800 2295 2849 aliter
2330 2799 2383 2846 in
2421 2813 2482 2846 eo

198 2898 302 2931 non
340 2887 779 2946 recognoscerent
814 2899 937 2931 vere
975 2883 1180 2946 plenam
1219 2886 1270 2930 et
1307 2897 1602 2945 supremam
1636 2884 1967 2944 potestatem.
2033 2880 2082 2928 Si
2121 2881 2301 2927 contra
2339 2876 2484 2925 Sum-

198 2977 312 3010 mus
348 2962 592 3011 Pontifex
631 2978 735 3010 una
772 2978 888 3009 cum
925 2962 1223 3024 EpiscopiS,
1274 2961 1355 3008 vel
1405 2961 1651 3023 dispersis
1688 2960 1771 3008 vel
1809 2958 2168 3022 congregatis,
2220 2971 2341 3004 vere
2378 2955 2483 3017 ple-

197 3055 315 3087 nam
355 3044 407 3089 et
444 3057 738 3104 supremam
787 3042 1104 3103 potestatem
1143 3040 1194 3086 in
1235 3039 1454 3086 solidum
1493 3043 1730 3099 exercet,
1778 3038 1921 3085 nulla
1969 3035 2230 3100 possibilis
2267 3033 2481 3082 collisio.

198 3117 331 3166 Nam
370 3135 486 3167 cum
536 3135 656 3167 vere
701 3119 854 3180 plena
891 3122 943 3166 et
992 3133 1236 3181 suprema
1283 3122 1516 3180 potestas
1563 3132 1667 3164 non
1716 3117 1782 3164 sit
1818 3117 1871 3163 in
1921 3130 2137 3178 corpore
2175 3115 2413 3175 separato
2452 3126 2483 3158 a

200 3198 399 3261 capite,
438 3198 683 3260 Episcopi
722 3196 1031 3260 singulareS,
1071 3199 1333 3259 quotquot
1370 3199 1571 3256 essent,
1610 3195 1731 3242 dum
1770 3196 1917 3243 abest
1953 3193 2108 3256 Papa,
2147 3191 2290 3239 nullo
2329 3189 2480 3238 modo

201 3276 311 3323 sine
349 3276 517 3338 capite
554 3292 677 3323 vere
713 3275 920 3339 plenam
975 3279 1025 3322 et
1062 3289 1356 3336 supremam
1404 3277 1718 3336 potestatem
1768 3287 2014 3320 exercere
2050 3273 2288 3333 possent,
2342 3268 2480 3328 dum,

199 3358 258 3402 ut
308 3353 557 3415 diximus,
612 3353 852 3402 Summus
889 3353 1135 3401 Pontifex
1183 3356 1242 3400 ut
1288 3356 1446 3414 caput
1499 3353 1654 3400 etiam
1702 3350 2111 3414 independenter
2157 3364 2187 3396 a
2223 3362 2481 3396 concursu

200 3432 576 3495 Episcoporum
616 3447 909 3493 supremam
949 3446 1094 3478 suam
1133 3431 1500 3478 auctoritatem
1540 3445 1783 3477 exercere
1819 3427 2040 3490 potest.“

351 3509 365 3536 ¹
404 3510 466 3558 Id
503 3510 725 3568 additur,
765 3509 887 3571 quia
925 3512 1090 3569 erant,
1130 3509 1218 3571 qui
1254 3508 1497 3555 unionem
1537 3523 1652 3554 cum
1681 3506 1887 3554 Summo
1913 3503 2163 3552 Pontifice
2188 3502 2479 3553 habendam

203 3596 253 3639 et
289 3591 567 3639 fovendam
604 3590 670 3637 ad
709 3590 871 3637 solam
908 3588 1060 3636 fidem
1099 3588 1505 3651 restringerent,
1560 3602 1651 3634 seu
1687 3587 1915 3633 unionem
1953 3584 2112 3632 solam
2152 3582 2482 3646 doymaticam

200 3665 550 3714 necessariam
589 3679 700 3712 esse
739 3664 987 3712 dicerent.
1061 3661 1160 3721 (Cf.
1200 3662 1416 3710 Schema
1454 3661 1516 3709 de
1552 3660 1803 3708 Ecclesia.
1875 3658 1929 3707 C.
1968 3658 2030 3706 V.
2070 3657 2212 3705 614d
2249 3654 2345 3718 sq.)

351 3742 367 3770 ²
406 3742 484 3791 Cf.
525 3744 587 3791 de
623 3742 721 3790 hac
756 3741 1083 3804 paragrapho
1123 3756 1280 3803 supra
1317 3756 1428 3802 cap.
1467 3740 1507 3787 I.
1545 3738 1781 3786 Historia
1818 3741 1915 3785 etc.
1951 3753 2000 3799 p.
2041 3737 2132 3783 117
2173 3751 2246 3798 sq.

350 3820 365 3847 ³
403 3821 523 3869 Non
562 3825 641 3868 est
679 3835 846 3869 sermo
886 3820 948 3867 de
987 3818 1185 3881 origine
1221 3818 1498 3880 potestatis
1536 3817 1928 3879 Episcoporum,
1970 3829 2038 3862 sc.
2075 3816 2251 3861 utrum
2290 3810 2481 3874 singuli

200 3898 498 3947 immediate
545 3914 574 3946 a
609 3899 722 3946 Deo
772 3914 838 3946 an
886 3913 916 3945 a
952 3897 1159 3944 Summo
1195 3895 1449 3944 Pontifice
1499 3910 1611 3943 eam
1647 3894 1930 3957 accipiant,
1980 3891 2069 3940 sed
2108 3891 2169 3939 de
2204 3887 2479 3953 potestatis

203 3975 469 4023 exercitiO.
520 3975 604 4036 (V.
643 3975 1048 4023 Emendationes
1086 3979 1183 4021 etc.
1232 3972 1288 4021 C.
1326 3972 1388 4019 V.
1429 3974 1524 4019 342
1541 3988 1586 4020 a.
1612 3999 1674 4006 —
1700 3970 1906 4018 Relatio
1946 3973 2041 4017 etc.
2103 3966 2158 4016 C.
2196 3966 2258 4015 V.
2298 3967 2392 4013 359
2411 3963 2477 4023 a.)
