<?xml version="1.0" encoding="UTF-8"?>
<!DOCTYPE html PUBLIC "-//W3C//DTD XHTML 1.0 Transitional//EN"
    "http://www.w3.org/TR/xhtml1/DTD/xhtml1-transitional.dtd">
<html xmlns="http://www.w3.org/1999/xhtml" xml:lang="en" lang="en">
 <head>
  <title>
</title>
<meta http-equiv="Content-Type" content="text/html;charset=utf-8" />
  <meta name='ocr-system' content='tesseract 3.04.00' />
  <meta name='ocr-capabilities' content='ocr_page ocr_carea ocr_par ocr_line ocrx_word'/>
</head>
<body>
  <div class='ocr_page' id='page_1' title='image "a584483100granuoft_0149.png"; bbox 0 0 2548 4290; ppageno 0'>
   <div class='ocr_carea' id='block_1_1' title="bbox 287 148 2296 203">
    <p class='ocr_par' dir='ltr' id='par_1_1' title="bbox 287 148 2296 203">
     <span class='ocr_line' id='line_1_1' title="bbox 287 148 2296 203; baseline -0.002 -11"><span class='ocrx_word' id='word_1_1' title='bbox 287 151 531 193; x_wconf 89' lang='lat' dir='ltr'>Comment.</span> <span class='ocrx_word' id='word_1_2' title='bbox 563 151 621 191; x_wconf 88' lang='grc' dir='ltr'>ΙΙ.</span> <span class='ocrx_word' id='word_1_3' title='bbox 675 150 743 191; x_wconf 89' lang='lat' dir='ltr'>De</span> <span class='ocrx_word' id='word_1_4' title='bbox 774 151 897 190; x_wconf 86' lang='lat' dir='ltr'>Petri</span> <span class='ocrx_word' id='word_1_5' title='bbox 928 151 1131 190; x_wconf 86' lang='lat' dir='ltr'>Primatu</span> <span class='ocrx_word' id='word_1_6' title='bbox 1164 155 1299 203; x_wconf 88' lang='lat' dir='ltr'>atque</span> <span class='ocrx_word' id='word_1_7' title='bbox 1330 150 1388 191; x_wconf 85' lang='lat' dir='ltr'>ad</span> <span class='ocrx_word' id='word_1_8' title='bbox 1420 156 1590 191; x_wconf 86' lang='lat' dir='ltr'>ceteros</span> <span class='ocrx_word' id='word_1_9' title='bbox 1622 150 1873 203; x_wconf 84' lang='lat' dir='ltr'>Apostolos</span> <span class='ocrx_word' id='word_1_10' title='bbox 1908 152 2091 189; x_wconf 88' lang='lat' dir='ltr'>ratione.</span> <span class='ocrx_word' id='word_1_11' title='bbox 2197 148 2296 199; x_wconf 87' lang='lat'>135</span> 
     </span>
    </p>
   </div>
   <div class='ocr_carea' id='block_1_2' title="bbox 81 291 2303 942">
    <p class='ocr_par' dir='ltr' id='par_1_2' title="bbox 81 291 2303 942">
     <span class='ocr_line' id='line_1_2' title="bbox 83 291 2299 362; baseline -0.004 -14"><span class='ocrx_word' id='word_1_12' title='bbox 83 295 308 349; x_wconf 89' lang='lat' dir='ltr'>tuissent</span> <span class='ocrx_word' id='word_1_13' title='bbox 361 294 556 345; x_wconf 88' lang='lat' dir='ltr'>Petrus</span> <span class='ocrx_word' id='word_1_14' title='bbox 608 298 661 345; x_wconf 90' lang='lat' dir='ltr'>et</span> <span class='ocrx_word' id='word_1_15' title='bbox 711 292 964 362; x_wconf 82' lang='lat' dir='ltr'>Apostoli</span> <span class='ocrx_word' id='word_1_16' title='bbox 1016 291 1346 361; x_wconf 86' lang='lat' dir='ltr'>respondere</span> <span class='ocrx_word' id='word_1_17' title='bbox 1388 291 1631 343; x_wconf 84' lang='lat' dir='ltr'>Christo:</span> <span class='ocrx_word' id='word_1_18' title='bbox 1693 291 1976 351; x_wconf 82' lang='lat' dir='ltr'>Quomodo</span> <span class='ocrx_word' id='word_1_19' title='bbox 2031 291 2299 342; x_wconf 83' lang='lat' dir='ltr'>solvemus</span> 
     </span>
     <span class='ocr_line' id='line_1_3' title="bbox 82 373 2300 445; baseline -0.004 -15"><span class='ocrx_word' id='word_1_20' title='bbox 82 379 196 431; x_wconf 86' lang='lat' dir='ltr'>sine</span> <span class='ocrx_word' id='word_1_21' title='bbox 237 376 514 428; x_wconf 81' lang='lat' dir='ltr'>clavibus?</span> <span class='ocrx_word' id='word_1_22' title='bbox 556 376 624 427; x_wconf 93' lang='lat' dir='ltr'>da</span> <span class='ocrx_word' id='word_1_23' title='bbox 662 376 811 445; x_wconf 89' lang='lat' dir='ltr'>prius</span> <span class='ocrx_word' id='word_1_24' title='bbox 852 377 1029 427; x_wconf 89' lang='lat' dir='ltr'>claves</span> <span class='ocrx_word' id='word_1_25' title='bbox 1070 375 1138 426; x_wconf 92' lang='lat' dir='ltr'>ad</span> <span class='ocrx_word' id='word_1_26' title='bbox 1178 374 1514 427; x_wconf 87' lang='lat' dir='ltr'>solvendum.</span> <span class='ocrx_word' id='word_1_27' title='bbox 1584 374 1846 427; x_wconf 77' lang='lat' dir='ltr'><strong>Attamen</strong></span> <span class='ocrx_word' id='word_1_28' title='bbox 1886 392 2064 443; x_wconf 91' lang='lat' dir='ltr'>neque</span> <span class='ocrx_word' id='word_1_29' title='bbox 2104 373 2300 425; x_wconf 88' lang='lat' dir='ltr'>Petrus</span> 
     </span>
     <span class='ocr_line' id='line_1_4' title="bbox 81 454 2301 530; baseline -0.004 -17"><span class='ocrx_word' id='word_1_30' title='bbox 81 477 257 530; x_wconf 89' lang='lat' dir='ltr'>neque</span> <span class='ocrx_word' id='word_1_31' title='bbox 298 459 566 528; x_wconf 80' lang='lat' dir='ltr'>Apostoli,</span> <span class='ocrx_word' id='word_1_32' title='bbox 608 459 738 510; x_wconf 89' lang='lat' dir='ltr'>alias</span> <span class='ocrx_word' id='word_1_33' title='bbox 778 476 992 526; x_wconf 89' lang='lat' dir='ltr'>semper</span> <span class='ocrx_word' id='word_1_34' title='bbox 1034 458 1282 509; x_wconf 86' lang='lat' dir='ltr'>difficiles</span> <span class='ocrx_word' id='word_1_35' title='bbox 1322 457 1389 509; x_wconf 88' lang='lat' dir='ltr'>ad</span> <span class='ocrx_word' id='word_1_36' title='bbox 1430 457 1881 525; x_wconf 86' lang='lat' dir='ltr'>intelligendum,</span> <span class='ocrx_word' id='word_1_37' title='bbox 1922 458 2160 526; x_wconf 82' lang='lat' dir='ltr'>aliquam</span> <span class='ocrx_word' id='word_1_38' title='bbox 2202 454 2301 507; x_wconf 84' lang='lat' dir='ltr'>dif-</span> 
     </span>
     <span class='ocr_line' id='line_1_5' title="bbox 82 540 2301 610; baseline -0.003 -14"><span class='ocrx_word' id='word_1_39' title='bbox 82 543 376 596; x_wconf 89' lang='lat' dir='ltr'>ficultatem</span> <span class='ocrx_word' id='word_1_40' title='bbox 417 542 502 593; x_wconf 91' lang='lat' dir='ltr'>hic</span> <span class='ocrx_word' id='word_1_41' title='bbox 542 548 867 610; x_wconf 90' lang='lat' dir='ltr'>proponunt.</span> <span class='ocrx_word' id='word_1_42' title='bbox 921 542 1038 593; x_wconf 92' lang='lat' dir='ltr'>Imo</span> <span class='ocrx_word' id='word_1_43' title='bbox 1074 542 1269 593; x_wconf 90' lang='lat' dir='ltr'>Petrus</span> <span class='ocrx_word' id='word_1_44' title='bbox 1310 546 1568 609; x_wconf 90' lang='lat' dir='ltr'>tanquam</span> <span class='ocrx_word' id='word_1_45' title='bbox 1612 540 1680 592; x_wconf 92' lang='lat' dir='ltr'>ad</span> <span class='ocrx_word' id='word_1_46' title='bbox 1719 558 1775 592; x_wconf 91' lang='lat' dir='ltr'>se</span> <span class='ocrx_word' id='word_1_47' title='bbox 1818 541 1962 592; x_wconf 91' lang='lat' dir='ltr'>dicta</span> <span class='ocrx_word' id='word_1_48' title='bbox 2001 541 2094 591; x_wconf 88' lang='grc'><strong>1116</strong></span> <span class='ocrx_word' id='word_1_49' title='bbox 2132 540 2301 591; x_wconf 84' lang='lat' dir='ltr'>verba</span> 
     </span>
     <span class='ocr_line' id='line_1_6' title="bbox 82 622 2301 695; baseline -0.002 -18"><span class='ocrx_word' id='word_1_50' title='bbox 82 625 375 695; x_wconf 79' lang='lat' dir='ltr'>accipienS,</span> <span class='ocrx_word' id='word_1_51' title='bbox 428 625 609 676; x_wconf 89' lang='lat' dir='ltr'>statim</span> <span class='ocrx_word' id='word_1_52' title='bbox 657 625 907 693; x_wconf 80' lang='lat' dir='ltr'>requirit,</span> <span class='ocrx_word' id='word_1_53' title='bbox 965 624 1176 692; x_wconf 90' lang='lat' dir='ltr'>quoties</span> <span class='ocrx_word' id='word_1_54' title='bbox 1227 624 1328 674; x_wconf 90' lang='lat' dir='ltr'>hac</span> <span class='ocrx_word' id='word_1_55' title='bbox 1380 628 1647 693; x_wconf 78' lang='lat' dir='ltr'>potestate</span> <span class='ocrx_word' id='word_1_56' title='bbox 1699 622 1949 675; x_wconf 88' lang='lat' dir='ltr'>solvendi</span> <span class='ocrx_word' id='word_1_57' title='bbox 2000 627 2184 692; x_wconf 89' lang='lat' dir='ltr'>posset</span> <span class='ocrx_word' id='word_1_58' title='bbox 2222 622 2301 673; x_wconf 91' lang='lat' dir='ltr'>uti</span> 
     </span>
     <span class='ocr_line' id='line_1_7' title="bbox 83 704 2301 777; baseline -0.003 -15"><span class='ocrx_word' id='word_1_59' title='bbox 83 726 210 777; x_wconf 88' lang='lat' dir='ltr'>erga</span> <span class='ocrx_word' id='word_1_60' title='bbox 250 707 472 759; x_wconf 89' lang='lat' dir='ltr'>fratrem</span> <span class='ocrx_word' id='word_1_61' title='bbox 512 724 695 773; x_wconf 91' lang='lat' dir='ltr'>suum,</span> <span class='ocrx_word' id='word_1_62' title='bbox 736 724 892 775; x_wconf 77' lang='lat' dir='ltr'>usque</span> <span class='ocrx_word' id='word_1_63' title='bbox 929 706 1140 774; x_wconf 73' lang='lat' dir='ltr'>septies?</span> <span class='ocrx_word' id='word_1_64' title='bbox 1203 706 1273 758; x_wconf 92' lang='lat' dir='ltr'>Et</span> <span class='ocrx_word' id='word_1_65' title='bbox 1314 705 1587 758; x_wconf 82' lang='lat' dir='ltr'>Christus:</span> <span class='ocrx_word' id='word_1_66' title='bbox 1626 708 1903 774; x_wconf 66' lang='lat' dir='ltr'>septuayz&#39;es</span> <span class='ocrx_word' id='word_1_67' title='bbox 1940 707 2128 774; x_wconf 71' lang='lat' dir='ltr'>septies,</span> <span class='ocrx_word' id='word_1_68' title='bbox 2206 704 2301 756; x_wconf 87' lang='lat' dir='ltr'>Ni-</span> 
     </span>
     <span class='ocr_line' id='line_1_8' title="bbox 82 787 2301 857; baseline -0.002 -15"><span class='ocrx_word' id='word_1_69' title='bbox 82 791 275 843; x_wconf 88' lang='lat' dir='ltr'>mirum</span> <span class='ocrx_word' id='word_1_70' title='bbox 327 789 602 841; x_wconf 78' lang='lat' dir='ltr'>intellexit</span> <span class='ocrx_word' id='word_1_71' title='bbox 641 789 865 855; x_wconf 86' lang='lat' dir='ltr'>Petrus‚</span> <span class='ocrx_word' id='word_1_72' title='bbox 917 807 972 840; x_wconf 90' lang='lat' dir='ltr'>se</span> <span class='ocrx_word' id='word_1_73' title='bbox 1015 789 1234 857; x_wconf 91' lang='lat' dir='ltr'>quidem</span> <span class='ocrx_word' id='word_1_74' title='bbox 1276 789 1477 841; x_wconf 89' lang='lat' dir='ltr'>habere</span> <span class='ocrx_word' id='word_1_75' title='bbox 1531 789 1710 840; x_wconf 86' lang='lat' dir='ltr'>claves</span> <span class='ocrx_word' id='word_1_76' title='bbox 1764 788 1833 840; x_wconf 90' lang='lat' dir='ltr'>ad</span> <span class='ocrx_word' id='word_1_77' title='bbox 1884 787 2202 840; x_wconf 84' lang='lat' dir='ltr'>solvendum</span> <span class='ocrx_word' id='word_1_78' title='bbox 2245 787 2301 838; x_wconf 90' lang='lat' dir='ltr'>in</span> 
     </span>
     <span class='ocr_line' id='line_1_9' title="bbox 83 871 2303 942; baseline -0.003 -15"><span class='ocrx_word' id='word_1_79' title='bbox 83 875 281 927; x_wconf 92' lang='lat' dir='ltr'>bonum</span> <span class='ocrx_word' id='word_1_80' title='bbox 320 872 598 925; x_wconf 80' lang='lat' dir='ltr'>Ecclesiae</span> <span class='ocrx_word' id='word_1_81' title='bbox 640 890 710 924; x_wconf 86' lang='lat' dir='ltr'>ex</span> <span class='ocrx_word' id='word_1_82' title='bbox 750 873 1103 942; x_wconf 81' lang='lat' dir='ltr'>promissione</span> <span class='ocrx_word' id='word_1_83' title='bbox 1147 872 1364 939; x_wconf 84' lang='lat' dir='ltr'>Christi,</span> <span class='ocrx_word' id='word_1_84' title='bbox 1405 872 1500 924; x_wconf 90' lang='lat' dir='ltr'>sed</span> <span class='ocrx_word' id='word_1_85' title='bbox 1541 890 1704 942; x_wconf 92' lang='lat' dir='ltr'>quum</span> <span class='ocrx_word' id='word_1_86' title='bbox 1744 871 2078 941; x_wconf 88' lang='lat' dir='ltr'>impossibile</span> <span class='ocrx_word' id='word_1_87' title='bbox 2118 872 2202 936; x_wconf 90' lang='lat' dir='ltr'>sit,</span> <span class='ocrx_word' id='word_1_88' title='bbox 2244 875 2303 922; x_wconf 93' lang='lat' dir='ltr'>ut</span> 
     </span>
    </p>
   </div>
   <div class='ocr_carea' id='block_1_3' title="bbox 81 954 2380 1027">
    <p class='ocr_par' dir='ltr' id='par_1_3' title="bbox 81 954 2380 1027">
     <span class='ocr_line' id='line_1_10' title="bbox 81 954 2380 1027; baseline -0.003 -17"><span class='ocrx_word' id='word_1_89' title='bbox 81 959 194 1027; x_wconf 90' lang='lat' dir='ltr'>ipse</span> <span class='ocrx_word' id='word_1_90' title='bbox 235 956 594 1025; x_wconf 83' lang='lat' dir='ltr'>personaliter</span> <span class='ocrx_word' id='word_1_91' title='bbox 634 973 731 1025; x_wconf 91' lang='lat' dir='ltr'>per</span> <span class='ocrx_word' id='word_1_92' title='bbox 772 973 827 1007; x_wconf 90' lang='lat' dir='ltr'>se</span> <span class='ocrx_word' id='word_1_93' title='bbox 857 961 910 1007; x_wconf 91' lang='lat' dir='ltr'>et</span> <span class='ocrx_word' id='word_1_94' title='bbox 939 955 1251 1007; x_wconf 85' lang='lat' dir='ltr'>immediate</span> <span class='ocrx_word' id='word_1_95' title='bbox 1292 956 1347 1006; x_wconf 91' lang='lat' dir='ltr'>in</span> <span class='ocrx_word' id='word_1_96' title='bbox 1386 961 1499 1008; x_wconf 91' lang='lat' dir='ltr'>toto</span> <span class='ocrx_word' id='word_1_97' title='bbox 1542 956 1670 1007; x_wconf 91' lang='lat' dir='ltr'>orbe</span> <span class='ocrx_word' id='word_1_98' title='bbox 1711 959 2037 1023; x_wconf 89' lang='lat' dir='ltr'>potestatem</span> <span class='ocrx_word' id='word_1_99' title='bbox 2068 954 2300 1005; x_wconf 85' lang='lat' dir='ltr'>clavium</span> <span class='ocrx_word' id='word_1_100' title='bbox 2377 1014 2380 1018; x_wconf 9' lang='grc' dir='ltr'><strong><em>ἵ</em></strong></span> 
     </span>
    </p>
   </div>
   <div class='ocr_carea' id='block_1_4' title="bbox 44 1038 2354 3944">
    <p class='ocr_par' dir='ltr' id='par_1_4' title="bbox 44 1038 2302 1524">
     <span class='ocr_line' id='line_1_11' title="bbox 81 1038 2301 1109; baseline -0.003 -15"><span class='ocrx_word' id='word_1_101' title='bbox 81 1041 383 1106; x_wconf 86' lang='lat' dir='ltr'>adhiberet,</span> <span class='ocrx_word' id='word_1_102' title='bbox 427 1057 496 1092; x_wconf 87' lang='lat' dir='ltr'>ex</span> <span class='ocrx_word' id='word_1_103' title='bbox 536 1039 873 1091; x_wconf 89' lang='lat' dir='ltr'>institutione</span> <span class='ocrx_word' id='word_1_104' title='bbox 917 1039 1117 1091; x_wconf 83' lang='lat' dir='ltr'>Christi</span> <span class='ocrx_word' id='word_1_105' title='bbox 1156 1039 1431 1092; x_wconf 80' lang='lat' dir='ltr'>intellexit</span> <span class='ocrx_word' id='word_1_106' title='bbox 1468 1039 1566 1107; x_wconf 89' lang='lat' dir='ltr'>[se]</span> <span class='ocrx_word' id='word_1_107' title='bbox 1610 1039 1825 1091; x_wconf 89' lang='lat' dir='ltr'>nonnisi</span> <span class='ocrx_word' id='word_1_108' title='bbox 1864 1056 1962 1109; x_wconf 90' lang='lat' dir='ltr'>per</span> <span class='ocrx_word' id='word_1_109' title='bbox 2003 1038 2301 1090; x_wconf 86' lang='lat' dir='ltr'>confratres</span> 
     </span>
     <span class='ocr_line' id='line_1_12' title="bbox 80 1120 2301 1190; baseline -0.002 -15"><span class='ocrx_word' id='word_1_110' title='bbox 80 1141 202 1175; x_wconf 90' lang='lat' dir='ltr'>suos</span> <span class='ocrx_word' id='word_1_111' title='bbox 228 1121 522 1190; x_wconf 89' lang='lat' dir='ltr'>Apostolos</span> <span class='ocrx_word' id='word_1_112' title='bbox 558 1126 816 1190; x_wconf 87' lang='lat' dir='ltr'>tanquam</span> <span class='ocrx_word' id='word_1_113' title='bbox 844 1139 941 1190; x_wconf 91' lang='lat' dir='ltr'>per</span> <span class='ocrx_word' id='word_1_114' title='bbox 968 1122 1224 1173; x_wconf 89' lang='lat' dir='ltr'>ianitores</span> <span class='ocrx_word' id='word_1_115' title='bbox 1252 1122 1354 1173; x_wconf 89' lang='lat' dir='ltr'>sibi</span> <span class='ocrx_word' id='word_1_116' title='bbox 1382 1121 1761 1174; x_wconf 89' lang='lat' dir='ltr'>subordinatos</span> <span class='ocrx_word' id='word_1_117' title='bbox 1791 1122 1886 1173; x_wconf 90' lang='lat' dir='ltr'>illa</span> <span class='ocrx_word' id='word_1_118' title='bbox 1910 1125 2180 1190; x_wconf 86' lang='lat' dir='ltr'>potestate</span> <span class='ocrx_word' id='word_1_119' title='bbox 2221 1120 2301 1171; x_wconf 91' lang='lat' dir='ltr'>uti</span> 
     </span>
     <span class='ocr_line' id='line_1_13' title="bbox 81 1203 2297 1274; baseline -0.002 -16"><span class='ocrx_word' id='word_1_120' title='bbox 81 1205 297 1258; x_wconf 88' lang='lat' dir='ltr'>debere.</span> <span class='ocrx_word' id='word_1_121' title='bbox 343 1204 596 1274; x_wconf 90' lang='lat' dir='ltr'>Apostoli</span> <span class='ocrx_word' id='word_1_122' title='bbox 625 1221 754 1272; x_wconf 87' lang='lat' dir='ltr'>ergo</span> <span class='ocrx_word' id='word_1_123' title='bbox 783 1205 1018 1270; x_wconf 86' lang='lat' dir='ltr'>solvunt,</span> <span class='ocrx_word' id='word_1_124' title='bbox 1058 1204 1156 1256; x_wconf 89' lang='lat' dir='ltr'>sed</span> <span class='ocrx_word' id='word_1_125' title='bbox 1185 1221 1285 1273; x_wconf 91' lang='lat' dir='ltr'>ope</span> <span class='ocrx_word' id='word_1_126' title='bbox 1315 1205 1565 1271; x_wconf 87' lang='lat' dir='ltr'>clavium,</span> <span class='ocrx_word' id='word_1_127' title='bbox 1607 1222 1745 1274; x_wconf 87' lang='lat' dir='ltr'>quae</span> <span class='ocrx_word' id='word_1_128' title='bbox 1775 1204 1932 1255; x_wconf 90' lang='lat' dir='ltr'>datae</span> <span class='ocrx_word' id='word_1_129' title='bbox 1960 1208 2086 1255; x_wconf 90' lang='lat' dir='ltr'>sunt</span> <span class='ocrx_word' id='word_1_130' title='bbox 2112 1203 2297 1255; x_wconf 91' lang='lat' dir='ltr'>Petro.</span> 
     </span>
     <span class='ocr_line' id='line_1_14' title="bbox 81 1287 2300 1358; baseline -0.002 -17"><span class='ocrx_word' id='word_1_131' title='bbox 81 1288 228 1358; x_wconf 88' lang='lat' dir='ltr'>Ergo</span> <span class='ocrx_word' id='word_1_132' title='bbox 266 1289 399 1340; x_wconf 90' lang='lat' dir='ltr'>haec</span> <span class='ocrx_word' id='word_1_133' title='bbox 453 1287 558 1340; x_wconf 93' lang='lat' dir='ltr'>duo</span> <span class='ocrx_word' id='word_1_134' title='bbox 611 1288 922 1339; x_wconf 79' lang='lat' dir='ltr'>testimonia</span> <span class='ocrx_word' id='word_1_135' title='bbox 972 1288 1220 1357; x_wconf 89' lang='lat' dir='ltr'>opposita</span> <span class='ocrx_word' id='word_1_136' title='bbox 1272 1306 1489 1339; x_wconf 88' lang='lat' dir='ltr'>sensum</span> <span class='ocrx_word' id='word_1_137' title='bbox 1541 1288 1810 1340; x_wconf 89' lang='lat' dir='ltr'>literalem</span> <span class='ocrx_word' id='word_1_138' title='bbox 1862 1305 1969 1339; x_wconf 91' lang='lat' dir='ltr'>non</span> <span class='ocrx_word' id='word_1_139' title='bbox 2008 1287 2300 1352; x_wconf 86' lang='lat' dir='ltr'>infirmant,</span> 
     </span>
     <span class='ocr_line' id='line_1_15' title="bbox 44 1370 2302 1441; baseline -0.001 -16"><span class='ocrx_word' id='word_1_140' title='bbox 44 1373 176 1437; x_wconf 25' lang='lat' dir='ltr'>,sed</span> <span class='ocrx_word' id='word_1_141' title='bbox 215 1373 385 1441; x_wconf 89' lang='lat' dir='ltr'>magis</span> <span class='ocrx_word' id='word_1_142' title='bbox 435 1372 717 1440; x_wconf 88' lang='lat' dir='ltr'>magisque</span> <span class='ocrx_word' id='word_1_143' title='bbox 760 1371 1080 1423; x_wconf 87' lang='lat' dir='ltr'>confirmant</span> <span class='ocrx_word' id='word_1_144' title='bbox 1132 1371 1497 1423; x_wconf 88' lang='lat' dir='ltr'>omnimodam</span> <span class='ocrx_word' id='word_1_145' title='bbox 1551 1377 1604 1423; x_wconf 93' lang='lat' dir='ltr'>et</span> <span class='ocrx_word' id='word_1_146' title='bbox 1643 1372 1945 1423; x_wconf 86' lang='lat' dir='ltr'>absolutam</span> <span class='ocrx_word' id='word_1_147' title='bbox 1989 1370 2302 1440; x_wconf 89' lang='lat' dir='ltr'>dependen-</span> 
     </span>
     <span class='ocr_line' id='line_1_16' title="bbox 83 1455 935 1524; baseline -0.001 -17"><span class='ocrx_word' id='word_1_148' title='bbox 83 1457 213 1507; x_wconf 91' lang='lat' dir='ltr'>tiam</span> <span class='ocrx_word' id='word_1_149' title='bbox 251 1455 642 1524; x_wconf 88' lang='lat' dir='ltr'>Apostolorum</span> <span class='ocrx_word' id='word_1_150' title='bbox 681 1472 712 1505; x_wconf 89' lang='lat' dir='ltr'>a</span> <span class='ocrx_word' id='word_1_151' title='bbox 753 1455 935 1506; x_wconf 89' lang='lat' dir='ltr'>Petro.</span> 
     </span>
    </p>

    <p class='ocr_par' dir='ltr' id='par_1_5' title="bbox 81 1537 2307 2843">
     <span class='ocr_line' id='line_1_17' title="bbox 231 1537 2303 1607; baseline -0.001 -18"><span class='ocrx_word' id='word_1_152' title='bbox 231 1537 455 1605; x_wconf 88' lang='lat' dir='ltr'>„Restat</span> <span class='ocrx_word' id='word_1_153' title='bbox 504 1544 557 1589; x_wconf 93' lang='lat' dir='ltr'>et</span> <span class='ocrx_word' id='word_1_154' title='bbox 599 1538 821 1589; x_wconf 92' lang='lat' dir='ltr'>tertium</span> <span class='ocrx_word' id='word_1_155' title='bbox 861 1538 1257 1603; x_wconf 88' lang='lat' dir='ltr'>testimonium,</span> <span class='ocrx_word' id='word_1_156' title='bbox 1309 1555 1473 1607; x_wconf 89' lang='lat' dir='ltr'>super</span> <span class='ocrx_word' id='word_1_157' title='bbox 1514 1555 1618 1606; x_wconf 91' lang='lat' dir='ltr'>quo</span> <span class='ocrx_word' id='word_1_158' title='bbox 1671 1538 1979 1590; x_wconf 88' lang='lat' dir='ltr'>emendatio</span> <span class='ocrx_word' id='word_1_159' title='bbox 2021 1537 2183 1588; x_wconf 91' lang='lat' dir='ltr'>etiam</span> <span class='ocrx_word' id='word_1_160' title='bbox 2224 1537 2303 1587; x_wconf 90' lang='lat' dir='ltr'>in-</span> 
     </span>
     <span class='ocr_line' id='line_1_18' title="bbox 82 1622 2303 1691; baseline -0.001 -17"><span class='ocrx_word' id='word_1_161' title='bbox 82 1623 304 1688; x_wconf 87' lang='lat' dir='ltr'>nititur,</span> <span class='ocrx_word' id='word_1_162' title='bbox 367 1627 420 1674; x_wconf 91' lang='lat' dir='ltr'>et</span> <span class='ocrx_word' id='word_1_163' title='bbox 474 1622 540 1674; x_wconf 92' lang='lat' dir='ltr'>de</span> <span class='ocrx_word' id='word_1_164' title='bbox 597 1640 701 1691; x_wconf 90' lang='lat' dir='ltr'>quo</span> <span class='ocrx_word' id='word_1_165' title='bbox 758 1627 1043 1691; x_wconf 88' lang='lat' dir='ltr'>tantopere</span> <span class='ocrx_word' id='word_1_166' title='bbox 1100 1622 1322 1690; x_wconf 87' lang='lat' dir='ltr'>gloriari</span> <span class='ocrx_word' id='word_1_167' title='bbox 1381 1622 1685 1674; x_wconf 82' lang='lat' dir='ltr'>audivimus</span> <span class='ocrx_word' id='word_1_168' title='bbox 1736 1623 1853 1675; x_wconf 92' lang='lat' dir='ltr'>heri</span> <span class='ocrx_word' id='word_1_169' title='bbox 1902 1640 1972 1674; x_wconf 90' lang='lat' dir='ltr'>ex</span> <span class='ocrx_word' id='word_1_170' title='bbox 2027 1622 2129 1672; x_wconf 92' lang='lat' dir='ltr'>hoc</span> <span class='ocrx_word' id='word_1_171' title='bbox 2192 1639 2303 1672; x_wconf 93' lang='lat' dir='ltr'>am-</span> 
     </span>
     <span class='ocr_line' id='line_1_19' title="bbox 85 1704 2301 1774; baseline -0.001 -16"><span class='ocrx_word' id='word_1_172' title='bbox 85 1705 223 1758; x_wconf 89' lang='lat' dir='ltr'>bone</span> <span class='ocrx_word' id='word_1_173' title='bbox 262 1706 466 1757; x_wconf 76' lang='lat' dir='ltr'>illffium</span> <span class='ocrx_word' id='word_1_174' title='bbox 507 1710 559 1757; x_wconf 89' lang='lat' dir='ltr'>et</span> <span class='ocrx_word' id='word_1_175' title='bbox 606 1709 778 1757; x_wconf 77' lang='lat' dir='ltr'>rffium</span> <span class='ocrx_word' id='word_1_176' title='bbox 819 1723 985 1757; x_wconf 90' lang='lat' dir='ltr'>unum</span> <span class='ocrx_word' id='word_1_177' title='bbox 1026 1711 1323 1757; x_wconf 91' lang='lat' dir='ltr'>oratorem:</span> <span class='ocrx_word' id='word_1_178' title='bbox 1374 1705 1651 1773; x_wconf 70' lang='lat' dir='ltr'>Aedificatz&#39;</span> <span class='ocrx_word' id='word_1_179' title='bbox 1698 1723 1852 1774; x_wconf 72' lang='lat' dir='ltr'>super</span> <span class='ocrx_word' id='word_1_180' title='bbox 1887 1704 2301 1773; x_wconf 74' lang='lat' dir='ltr'>fundamentum</span> 
     </span>
     <span class='ocr_line' id='line_1_20' title="bbox 81 1787 2301 1858; baseline -0.002 -16"><span class='ocrx_word' id='word_1_181' title='bbox 81 1789 454 1858; x_wconf 74' lang='lat' dir='ltr'>Apostolorum.</span> <span class='ocrx_word' id='word_1_182' title='bbox 534 1787 603 1840; x_wconf 92' lang='lat' dir='ltr'>Et</span> <span class='ocrx_word' id='word_1_183' title='bbox 654 1788 944 1857; x_wconf 75' lang='lat' dir='ltr'>imprimiS,</span> <span class='ocrx_word' id='word_1_184' title='bbox 996 1789 1252 1858; x_wconf 90' lang='lat' dir='ltr'>quoniam</span> <span class='ocrx_word' id='word_1_185' title='bbox 1292 1790 1434 1839; x_wconf 75' lang='lat' dir='ltr'>rffius</span> <span class='ocrx_word' id='word_1_186' title='bbox 1476 1796 1656 1841; x_wconf 89' lang='lat' dir='ltr'>orator</span> <span class='ocrx_word' id='word_1_187' title='bbox 1697 1789 1812 1841; x_wconf 89' lang='lat' dir='ltr'>heri</span> <span class='ocrx_word' id='word_1_188' title='bbox 1854 1793 2060 1840; x_wconf 83' lang='lat' dir='ltr'>tantam</span> <span class='ocrx_word' id='word_1_189' title='bbox 2102 1788 2301 1839; x_wconf 92' lang='lat' dir='ltr'>nubem</span> 
     </span>
     <span class='ocr_line' id='line_1_21' title="bbox 82 1872 2301 1942; baseline -0.001 -17"><span class='ocrx_word' id='word_1_190' title='bbox 82 1873 300 1925; x_wconf 90' lang='lat' dir='ltr'>testium</span> <span class='ocrx_word' id='word_1_191' title='bbox 341 1890 410 1924; x_wconf 83' lang='lat' dir='ltr'>ex</span> <span class='ocrx_word' id='word_1_192' title='bbox 439 1872 694 1924; x_wconf 87' lang='lat' dir='ltr'>Patribus</span> <span class='ocrx_word' id='word_1_193' title='bbox 736 1873 936 1938; x_wconf 84' lang='lat' dir='ltr'>citavit,</span> <span class='ocrx_word' id='word_1_194' title='bbox 977 1878 1036 1923; x_wconf 92' lang='lat' dir='ltr'>ut</span> <span class='ocrx_word' id='word_1_195' title='bbox 1076 1873 1177 1924; x_wconf 93' lang='lat' dir='ltr'>hoc</span> <span class='ocrx_word' id='word_1_196' title='bbox 1219 1873 1475 1941; x_wconf 88' lang='lat' dir='ltr'>probaret</span> <span class='ocrx_word' id='word_1_197' title='bbox 1515 1873 1581 1925; x_wconf 89' lang='lat' dir='ltr'>de</span> <span class='ocrx_word' id='word_1_198' title='bbox 1615 1873 1895 1942; x_wconf 86' lang='lat' dir='ltr'>Apostolis</span> <span class='ocrx_word' id='word_1_199' title='bbox 1937 1872 2160 1937; x_wconf 85' lang='lat' dir='ltr'>dictum,</span> <span class='ocrx_word' id='word_1_200' title='bbox 2203 1872 2301 1922; x_wconf 91' lang='lat' dir='ltr'>im-</span> 
     </span>
     <span class='ocr_line' id='line_1_22' title="bbox 83 1955 2302 2025; baseline -0.001 -18"><span class='ocrx_word' id='word_1_201' title='bbox 83 1957 267 2025; x_wconf 90' lang='lat' dir='ltr'>primis</span> <span class='ocrx_word' id='word_1_202' title='bbox 317 1956 525 2007; x_wconf 90' lang='lat' dir='ltr'>licitum</span> <span class='ocrx_word' id='word_1_203' title='bbox 579 1956 646 2006; x_wconf 91' lang='lat' dir='ltr'>sit</span> <span class='ocrx_word' id='word_1_204' title='bbox 700 1972 988 2024; x_wconf 83' lang='lat' dir='ltr'>quaerere,</span> <span class='ocrx_word' id='word_1_205' title='bbox 1042 1973 1136 2007; x_wconf 90' lang='lat' dir='ltr'>cur</span> <span class='ocrx_word' id='word_1_206' title='bbox 1193 1956 1435 2007; x_wconf 89' lang='lat' dir='ltr'>omiserit</span> <span class='ocrx_word' id='word_1_207' title='bbox 1475 1956 1900 2024; x_wconf 82' lang='lat' dir='ltr'>explicationem</span> <span class='ocrx_word' id='word_1_208' title='bbox 1942 1956 1995 2007; x_wconf 82' lang='lat' dir='ltr'>S.</span> <span class='ocrx_word' id='word_1_209' title='bbox 2036 1955 2302 2006; x_wconf 89' lang='lat' dir='ltr'>Anselmi.</span> 
     </span>
     <span class='ocr_line' id='line_1_23' title="bbox 84 2037 2305 2108; baseline -0.002 -16"><span class='ocrx_word' id='word_1_210' title='bbox 84 2039 138 2093; x_wconf 83' lang='lat' dir='ltr'>S.</span> <span class='ocrx_word' id='word_1_211' title='bbox 178 2039 471 2091; x_wconf 90' lang='lat' dir='ltr'>Anselmus</span> <span class='ocrx_word' id='word_1_212' title='bbox 523 2039 666 2089; x_wconf 93' lang='lat' dir='ltr'>enim</span> <span class='ocrx_word' id='word_1_213' title='bbox 718 2044 838 2106; x_wconf 90' lang='lat' dir='ltr'>post</span> <span class='ocrx_word' id='word_1_214' title='bbox 890 2039 1022 2090; x_wconf 89' lang='lat' dir='ltr'>alios</span> <span class='ocrx_word' id='word_1_215' title='bbox 1073 2039 1149 2090; x_wconf 91' lang='lat' dir='ltr'>ita</span> <span class='ocrx_word' id='word_1_216' title='bbox 1199 2039 1577 2091; x_wconf 87' lang='lat' dir='ltr'>ratiocinatur:</span> <span class='ocrx_word' id='word_1_217' title='bbox 1637 2039 1741 2105; x_wconf 93' lang='lat' dir='ltr'>,Ex</span> <span class='ocrx_word' id='word_1_218' title='bbox 1793 2039 2058 2108; x_wconf 86' lang='lat' dir='ltr'>Apostolo</span> <span class='ocrx_word' id='word_1_219' title='bbox 2112 2037 2305 2089; x_wconf 90' lang='lat' dir='ltr'>funda-</span> 
     </span>
     <span class='ocr_line' id='line_1_24' title="bbox 83 2121 2307 2191; baseline -0.001 -17"><span class='ocrx_word' id='word_1_220' title='bbox 83 2128 326 2174; x_wconf 91' lang='lat' dir='ltr'>mentum</span> <span class='ocrx_word' id='word_1_221' title='bbox 378 2121 526 2173; x_wconf 90' lang='lat' dir='ltr'>aliud</span> <span class='ocrx_word' id='word_1_222' title='bbox 575 2139 733 2173; x_wconf 91' lang='lat' dir='ltr'>nemo</span> <span class='ocrx_word' id='word_1_223' title='bbox 775 2127 954 2191; x_wconf 88' lang='lat' dir='ltr'>potest</span> <span class='ocrx_word' id='word_1_224' title='bbox 991 2138 1223 2191; x_wconf 91' lang='lat' dir='ltr'>ponere,</span> <span class='ocrx_word' id='word_1_225' title='bbox 1278 2123 1380 2173; x_wconf 82' lang='lat' dir='ltr'>nisi</span> <span class='ocrx_word' id='word_1_226' title='bbox 1421 2123 1563 2191; x_wconf 91' lang='lat' dir='ltr'>quod</span> <span class='ocrx_word' id='word_1_227' title='bbox 1605 2123 1842 2191; x_wconf 90' lang='lat' dir='ltr'>positum</span> <span class='ocrx_word' id='word_1_228' title='bbox 1884 2127 1986 2188; x_wconf 91' lang='lat' dir='ltr'>est,</span> <span class='ocrx_word' id='word_1_229' title='bbox 2042 2121 2185 2191; x_wconf 86' lang='lat' dir='ltr'>quod</span> <span class='ocrx_word' id='word_1_230' title='bbox 2227 2128 2307 2172; x_wconf 86' lang='lat' dir='ltr'>est</span> 
     </span>
     <span class='ocr_line' id='line_1_25' title="bbox 85 2204 2305 2274; baseline -0.001 -17"><span class='ocrx_word' id='word_1_231' title='bbox 85 2204 330 2258; x_wconf 85' lang='lat' dir='ltr'>Christus</span> <span class='ocrx_word' id='word_1_232' title='bbox 368 2205 536 2257; x_wconf 80' lang='grc'><strong>166116.</strong></span> <span class='ocrx_word' id='word_1_233' title='bbox 616 2204 882 2264; x_wconf 82' lang='lat' dir='ltr'>Quoniam</span> <span class='ocrx_word' id='word_1_234' title='bbox 923 2205 1055 2256; x_wconf 91' lang='lat' dir='ltr'>haec</span> <span class='ocrx_word' id='word_1_235' title='bbox 1096 2206 1391 2274; x_wconf 87' lang='lat' dir='ltr'>propositio</span> <span class='ocrx_word' id='word_1_236' title='bbox 1434 2210 1514 2257; x_wconf 90' lang='lat' dir='ltr'>est</span> <span class='ocrx_word' id='word_1_237' title='bbox 1554 2206 1835 2274; x_wconf 88' lang='lat' dir='ltr'>negativa,</span> <span class='ocrx_word' id='word_1_238' title='bbox 1881 2204 2168 2257; x_wconf 89' lang='lat' dir='ltr'>dicendum</span> <span class='ocrx_word' id='word_1_239' title='bbox 2209 2209 2305 2269; x_wconf 85' lang='lat' dir='ltr'>est,</span> 
     </span>
     <span class='ocr_line' id='line_1_26' title="bbox 84 2287 2305 2358; baseline -0 -18"><span class='ocrx_word' id='word_1_240' title='bbox 84 2289 228 2358; x_wconf 89' lang='lat' dir='ltr'>quod</span> <span class='ocrx_word' id='word_1_241' title='bbox 267 2306 542 2357; x_wconf 89' lang='lat' dir='ltr'>nunquam</span> <span class='ocrx_word' id='word_1_242' title='bbox 570 2288 718 2339; x_wconf 88' lang='lat' dir='ltr'>aliud</span> <span class='ocrx_word' id='word_1_243' title='bbox 745 2287 1159 2340; x_wconf 88' lang='lat' dir='ltr'>fundamentum</span> <span class='ocrx_word' id='word_1_244' title='bbox 1187 2289 1395 2339; x_wconf 87' lang='lat' dir='ltr'>licitum</span> <span class='ocrx_word' id='word_1_245' title='bbox 1424 2294 1504 2340; x_wconf 86' lang='lat' dir='ltr'>est</span> <span class='ocrx_word' id='word_1_246' title='bbox 1533 2307 1753 2357; x_wconf 83' lang='lat' dir='ltr'>ponere,</span> <span class='ocrx_word' id='word_1_247' title='bbox 1796 2305 1856 2340; x_wconf 93' lang='lat' dir='ltr'>ac</span> <span class='ocrx_word' id='word_1_248' title='bbox 1884 2287 2112 2357; x_wconf 87' lang='lat' dir='ltr'>proinde</span> <span class='ocrx_word' id='word_1_249' title='bbox 2143 2288 2305 2339; x_wconf 89' lang='lat' dir='ltr'>etiam</span> 
     </span>
     <span class='ocr_line' id='line_1_27' title="bbox 85 2371 2306 2443; baseline -0.001 -18"><span class='ocrx_word' id='word_1_250' title='bbox 85 2373 498 2425; x_wconf 82' lang='lat' dir='ltr'>fundamentum</span> <span class='ocrx_word' id='word_1_251' title='bbox 549 2372 939 2441; x_wconf 87' lang='lat' dir='ltr'>Apostolorum</span> <span class='ocrx_word' id='word_1_252' title='bbox 995 2378 1075 2424; x_wconf 90' lang='lat' dir='ltr'>est</span> <span class='ocrx_word' id='word_1_253' title='bbox 1127 2371 1374 2423; x_wconf 86' lang='lat' dir='ltr'>Christus</span> <span class='ocrx_word' id='word_1_254' title='bbox 1415 2373 1584 2425; x_wconf 79' lang='lat' dir='ltr'>Iesus,</span> <span class='ocrx_word' id='word_1_255' title='bbox 1662 2373 1785 2443; x_wconf 90' lang='lat' dir='ltr'>Ipse</span> <span class='ocrx_word' id='word_1_256' title='bbox 1838 2373 1982 2424; x_wconf 91' lang='lat' dir='ltr'>enim</span> <span class='ocrx_word' id='word_1_257' title='bbox 2037 2378 2117 2423; x_wconf 90' lang='lat' dir='ltr'>est</span> <span class='ocrx_word' id='word_1_258' title='bbox 2171 2373 2306 2441; x_wconf 88' lang='lat' dir='ltr'>lapis</span> 
     </span>
     <span class='ocr_line' id='line_1_28' title="bbox 84 2453 2305 2526; baseline -0 -17"><span class='ocrx_word' id='word_1_259' title='bbox 84 2457 361 2526; x_wconf 90' lang='lat' dir='ltr'>angularis</span> <span class='ocrx_word' id='word_1_260' title='bbox 400 2457 456 2507; x_wconf 92' lang='lat' dir='ltr'>in</span> <span class='ocrx_word' id='word_1_261' title='bbox 495 2455 851 2507; x_wconf 90' lang='lat' dir='ltr'>fundamento</span> <span class='ocrx_word' id='word_1_262' title='bbox 894 2456 1167 2522; x_wconf 80' lang='lat' dir='ltr'>fundatuS,</span> <span class='ocrx_word' id='word_1_263' title='bbox 1208 2456 1352 2507; x_wconf 90' lang='lat' dir='ltr'>unde</span> <span class='ocrx_word' id='word_1_264' title='bbox 1393 2457 1672 2525; x_wconf 87' lang='lat' dir='ltr'>subiungit</span> <span class='ocrx_word' id='word_1_265' title='bbox 1701 2456 1998 2526; x_wconf 87' lang='lat' dir='ltr'>Apostolus</span> <span class='ocrx_word' id='word_1_266' title='bbox 2027 2453 2157 2508; x_wconf 67' lang='grc' dir='ltr'>ὄντος</span> <span class='ocrx_word' id='word_1_267' title='bbox 2186 2461 2305 2519; x_wconf 90' lang='lat' dir='ltr'>etc.,</span> 
     </span>
     <span class='ocr_line' id='line_1_29' title="bbox 86 2539 2306 2609; baseline -0.001 -17"><span class='ocrx_word' id='word_1_268' title='bbox 86 2559 207 2592; x_wconf 88' lang='lat' dir='ltr'>cum</span> <span class='ocrx_word' id='word_1_269' title='bbox 246 2541 361 2608; x_wconf 87' lang='lat' dir='ltr'>ipse</span> <span class='ocrx_word' id='word_1_270' title='bbox 404 2539 648 2592; x_wconf 86' lang='lat' dir='ltr'>Christus</span> <span class='ocrx_word' id='word_1_271' title='bbox 687 2540 754 2591; x_wconf 90' lang='lat' dir='ltr'>sit</span> <span class='ocrx_word' id='word_1_272' title='bbox 793 2540 930 2608; x_wconf 87' lang='lat' dir='ltr'>lapis</span> <span class='ocrx_word' id='word_1_273' title='bbox 970 2540 1282 2608; x_wconf 54' lang='grc' dir='ltr'>6118616116.ι</span> <span class='ocrx_word' id='word_1_274' title='bbox 1335 2541 1455 2592; x_wconf 88' lang='grc' dir='ltr'>Η60</span> <span class='ocrx_word' id='word_1_275' title='bbox 1496 2543 1671 2609; x_wconf 85' lang='lat' dir='ltr'>posita</span> <span class='ocrx_word' id='word_1_276' title='bbox 1711 2540 2078 2609; x_wconf 76' lang='lat' dir='ltr'>explicatione</span> <span class='ocrx_word' id='word_1_277' title='bbox 2113 2540 2165 2591; x_wconf 79' lang='lat' dir='ltr'>S.</span> <span class='ocrx_word' id='word_1_278' title='bbox 2195 2539 2306 2590; x_wconf 90' lang='lat' dir='ltr'>An-</span> 
     </span>
     <span class='ocr_line' id='line_1_30' title="bbox 85 2622 2307 2693; baseline -0.001 -18"><span class='ocrx_word' id='word_1_279' title='bbox 85 2624 239 2675; x_wconf 91' lang='lat' dir='ltr'>selmi</span> <span class='ocrx_word' id='word_1_280' title='bbox 280 2629 333 2675; x_wconf 91' lang='lat' dir='ltr'>et</span> <span class='ocrx_word' id='word_1_281' title='bbox 372 2623 627 2689; x_wconf 91' lang='lat' dir='ltr'>aliorum,</span> <span class='ocrx_word' id='word_1_282' title='bbox 679 2625 785 2674; x_wconf 90' lang='lat' dir='ltr'>iam</span> <span class='ocrx_word' id='word_1_283' title='bbox 826 2623 1050 2689; x_wconf 81' lang='lat' dir='ltr'>videtis,</span> <span class='ocrx_word' id='word_1_284' title='bbox 1103 2623 1247 2692; x_wconf 88' lang='lat' dir='ltr'>quod</span> <span class='ocrx_word' id='word_1_285' title='bbox 1286 2624 1388 2693; x_wconf 90' lang='lat' dir='ltr'>ipsi</span> <span class='ocrx_word' id='word_1_286' title='bbox 1430 2625 1682 2692; x_wconf 83' lang='lat' dir='ltr'>Apostoli</span> <span class='ocrx_word' id='word_1_287' title='bbox 1721 2623 1997 2692; x_wconf 87' lang='lat' dir='ltr'>indigent,</span> <span class='ocrx_word' id='word_1_288' title='bbox 2055 2629 2108 2674; x_wconf 89' lang='lat' dir='ltr'>et</span> <span class='ocrx_word' id='word_1_289' title='bbox 2162 2622 2307 2691; x_wconf 90' lang='lat' dir='ltr'>quod</span> 
     </span>
     <span class='ocr_line' id='line_1_31' title="bbox 88 2705 2306 2778; baseline -0 -19"><span class='ocrx_word' id='word_1_290' title='bbox 88 2707 332 2760; x_wconf 84' lang='lat' dir='ltr'>Christus</span> <span class='ocrx_word' id='word_1_291' title='bbox 372 2707 708 2759; x_wconf 89' lang='lat' dir='ltr'>solummodo</span> <span class='ocrx_word' id='word_1_292' title='bbox 751 2708 818 2758; x_wconf 92' lang='lat' dir='ltr'>sit</span> <span class='ocrx_word' id='word_1_293' title='bbox 859 2707 1273 2760; x_wconf 88' lang='lat' dir='ltr'>fundamentum</span> <span class='ocrx_word' id='word_1_294' title='bbox 1317 2709 1479 2760; x_wconf 89' lang='lat' dir='ltr'>etiam</span> <span class='ocrx_word' id='word_1_295' title='bbox 1509 2708 1932 2778; x_wconf 79' lang='lat' dir='ltr'>Apostolorum3</span> <span class='ocrx_word' id='word_1_296' title='bbox 1975 2724 2037 2758; x_wconf 88' lang='lat' dir='ltr'>ac</span> <span class='ocrx_word' id='word_1_297' title='bbox 2078 2705 2306 2775; x_wconf 88' lang='lat' dir='ltr'>proinde</span> 
     </span>
     <span class='ocr_line' id='line_1_32' title="bbox 86 2790 647 2843; baseline -0.005 0"><span class='ocrx_word' id='word_1_298' title='bbox 86 2791 155 2843; x_wconf 86' lang='lat' dir='ltr'>ad</span> <span class='ocrx_word' id='word_1_299' title='bbox 194 2808 307 2842; x_wconf 89' lang='lat' dir='ltr'>rem</span> <span class='ocrx_word' id='word_1_300' title='bbox 349 2808 457 2842; x_wconf 90' lang='lat' dir='ltr'>non</span> <span class='ocrx_word' id='word_1_301' title='bbox 498 2790 647 2842; x_wconf 87' lang='lat' dir='ltr'>facit.</span> 
     </span>
    </p>

    <p class='ocr_par' dir='ltr' id='par_1_6' title="bbox 86 2872 2354 3276">
     <span class='ocr_line' id='line_1_33' title="bbox 233 2872 2354 2943; baseline -0.001 -17"><span class='ocrx_word' id='word_1_302' title='bbox 233 2874 375 2940; x_wconf 78' lang='lat' dir='ltr'>„Sed</span> <span class='ocrx_word' id='word_1_303' title='bbox 413 2875 666 2943; x_wconf 91' lang='lat' dir='ltr'>quoniam</span> <span class='ocrx_word' id='word_1_304' title='bbox 707 2873 1043 2925; x_wconf 90' lang='lat' dir='ltr'>communior</span> <span class='ocrx_word' id='word_1_305' title='bbox 1082 2874 1460 2942; x_wconf 88' lang='lat' dir='ltr'>interpretatio</span> <span class='ocrx_word' id='word_1_306' title='bbox 1501 2875 1595 2925; x_wconf 90' lang='lat' dir='ltr'>illa</span> <span class='ocrx_word' id='word_1_307' title='bbox 1636 2880 1741 2938; x_wconf 89' lang='lat' dir='ltr'>est,</span> <span class='ocrx_word' id='word_1_308' title='bbox 1793 2878 1851 2924; x_wconf 92' lang='lat' dir='ltr'>ut</span> <span class='ocrx_word' id='word_1_309' title='bbox 1891 2872 2305 2924; x_wconf 89' lang='lat' dir='ltr'>fundamentum</span> <span class='ocrx_word' id='word_1_310' title='bbox 2341 2906 2354 2923; x_wconf 66' lang='lat'><em>1</em></span> 
     </span>
     <span class='ocr_line' id='line_1_34' title="bbox 86 2957 2306 3027; baseline -0 -19"><span class='ocrx_word' id='word_1_311' title='bbox 86 2957 289 3009; x_wconf 88' lang='lat' dir='ltr'>afficiat</span> <span class='ocrx_word' id='word_1_312' title='bbox 338 2958 481 3026; x_wconf 89' lang='lat' dir='ltr'>ipsos</span> <span class='ocrx_word' id='word_1_313' title='bbox 520 2957 846 3027; x_wconf 79' lang='lat' dir='ltr'>ApostOIOS,</span> <span class='ocrx_word' id='word_1_314' title='bbox 897 2975 1217 3026; x_wconf 89' lang='lat' dir='ltr'>prosequor,</span> <span class='ocrx_word' id='word_1_315' title='bbox 1279 2965 1331 3009; x_wconf 93' lang='lat' dir='ltr'>et</span> <span class='ocrx_word' id='word_1_316' title='bbox 1372 2958 1590 3026; x_wconf 85' lang='lat' dir='ltr'>quidem</span> <span class='ocrx_word' id='word_1_317' title='bbox 1631 2957 1837 3008; x_wconf 90' lang='lat' dir='ltr'>licitum</span> <span class='ocrx_word' id='word_1_318' title='bbox 1879 2958 1946 3008; x_wconf 90' lang='lat' dir='ltr'>sit</span> <span class='ocrx_word' id='word_1_319' title='bbox 1986 2957 2306 3008; x_wconf 87' lang='lat' dir='ltr'>scholastice</span> 
     </span>
     <span class='ocr_line' id='line_1_35' title="bbox 87 3040 2306 3110; baseline -0.001 -18"><span class='ocrx_word' id='word_1_320' title='bbox 87 3040 437 3109; x_wconf 84' lang='lat' dir='ltr'>distinguere.</span> <span class='ocrx_word' id='word_1_321' title='bbox 513 3041 687 3110; x_wconf 83' lang='lat' dir='ltr'>Igitur</span> <span class='ocrx_word' id='word_1_322' title='bbox 725 3040 868 3109; x_wconf 91' lang='lat' dir='ltr'>quod</span> <span class='ocrx_word' id='word_1_323' title='bbox 908 3042 1159 3108; x_wconf 92' lang='lat' dir='ltr'>Apostoli</span> <span class='ocrx_word' id='word_1_324' title='bbox 1199 3042 1304 3092; x_wconf 90' lang='lat' dir='ltr'>sint</span> <span class='ocrx_word' id='word_1_325' title='bbox 1344 3041 1787 3106; x_wconf 91' lang='lat' dir='ltr'>fundamentum,</span> <span class='ocrx_word' id='word_1_326' title='bbox 1837 3040 2141 3109; x_wconf 91' lang='lat' dir='ltr'>respondeo</span> <span class='ocrx_word' id='word_1_327' title='bbox 2185 3056 2306 3090; x_wconf 93' lang='lat' dir='ltr'>cum</span> 
     </span>
     <span class='ocr_line' id='line_1_36' title="bbox 87 3122 2307 3194; baseline -0 -18"><span class='ocrx_word' id='word_1_328' title='bbox 87 3124 458 3176; x_wconf 90' lang='lat' dir='ltr'>distinctione:</span> <span class='ocrx_word' id='word_1_329' title='bbox 513 3130 637 3176; x_wconf 91' lang='lat' dir='ltr'>sunt</span> <span class='ocrx_word' id='word_1_330' title='bbox 688 3124 1104 3176; x_wconf 85' lang='lat' dir='ltr'>fundamentum</span> <span class='ocrx_word' id='word_1_331' title='bbox 1155 3125 1210 3175; x_wconf 95' lang='lat' dir='ltr'>in</span> <span class='ocrx_word' id='word_1_332' title='bbox 1260 3125 1364 3176; x_wconf 90' lang='lat' dir='ltr'>fide</span> <span class='ocrx_word' id='word_1_333' title='bbox 1417 3130 1470 3176; x_wconf 91' lang='lat' dir='ltr'>et</span> <span class='ocrx_word' id='word_1_334' title='bbox 1513 3124 1918 3194; x_wconf 88' lang='lat' dir='ltr'>praedicatione</span> <span class='ocrx_word' id='word_1_335' title='bbox 1958 3154 2025 3160; x_wconf 88' lang='lat'>—</span> <span class='ocrx_word' id='word_1_336' title='bbox 2067 3122 2307 3189; x_wconf 74' lang='lat' dir='ltr'>concedo;</span> 
     </span>
     <span class='ocr_line' id='line_1_37' title="bbox 86 3207 1668 3276; baseline 0 -17"><span class='ocrx_word' id='word_1_337' title='bbox 86 3214 210 3259; x_wconf 90' lang='lat' dir='ltr'>sunt</span> <span class='ocrx_word' id='word_1_338' title='bbox 248 3207 664 3259; x_wconf 88' lang='lat' dir='ltr'>fundamentum</span> <span class='ocrx_word' id='word_1_339' title='bbox 704 3208 759 3258; x_wconf 91' lang='lat' dir='ltr'>in</span> <span class='ocrx_word' id='word_1_340' title='bbox 798 3208 1062 3276; x_wconf 90' lang='lat' dir='ltr'>regimine</span> <span class='ocrx_word' id='word_1_341' title='bbox 1102 3207 1382 3259; x_wconf 86' lang='lat' dir='ltr'>Ecclesiae</span> <span class='ocrx_word' id='word_1_342' title='bbox 1426 3241 1491 3246; x_wconf 90' lang='lat'><strong>—</strong></span> <span class='ocrx_word' id='word_1_343' title='bbox 1532 3225 1668 3276; x_wconf 68' lang='lat'><em>72690.</em></span> 
     </span>
    </p>

    <p class='ocr_par' dir='ltr' id='par_1_7' title="bbox 87 3289 2309 3944">
     <span class='ocr_line' id='line_1_38' title="bbox 237 3289 2308 3359; baseline -0.001 -17"><span class='ocrx_word' id='word_1_344' title='bbox 237 3290 431 3357; x_wconf 83' lang='lat' dir='ltr'>„Certe</span> <span class='ocrx_word' id='word_1_345' title='bbox 461 3291 756 3359; x_wconf 87' lang='lat' dir='ltr'>Apostolus</span> <span class='ocrx_word' id='word_1_346' title='bbox 797 3309 995 3343; x_wconf 92' lang='lat' dir='ltr'>nomen</span> <span class='ocrx_word' id='word_1_347' title='bbox 1022 3291 1434 3358; x_wconf 74' lang='lat' dir='ltr'>fundamentum</span> <span class='ocrx_word' id='word_1_348' title='bbox 1475 3290 1562 3341; x_wconf 91' lang='grc'><strong>1110</strong></span> <span class='ocrx_word' id='word_1_349' title='bbox 1602 3290 1799 3358; x_wconf 88' lang='lat' dir='ltr'>accipit</span> <span class='ocrx_word' id='word_1_350' title='bbox 1839 3308 1935 3358; x_wconf 91' lang='lat' dir='ltr'>pro</span> <span class='ocrx_word' id='word_1_351' title='bbox 1979 3289 2227 3340; x_wconf 91' lang='lat' dir='ltr'>doctrina</span> <span class='ocrx_word' id='word_1_352' title='bbox 2255 3293 2308 3340; x_wconf 93' lang='lat' dir='ltr'>et</span> 
     </span>
     <span class='ocr_line' id='line_1_39' title="bbox 87 3373 2308 3443; baseline -0.001 -18"><span class='ocrx_word' id='word_1_353' title='bbox 87 3374 517 3443; x_wconf 88' lang='lat' dir='ltr'>praedicatione:</span> <span class='ocrx_word' id='word_1_354' title='bbox 575 3391 789 3443; x_wconf 90' lang='lat' dir='ltr'>semper</span> <span class='ocrx_word' id='word_1_355' title='bbox 828 3374 1124 3443; x_wconf 88' lang='lat' dir='ltr'>Apostolus</span> <span class='ocrx_word' id='word_1_356' title='bbox 1174 3391 1294 3424; x_wconf 91' lang='lat' dir='ltr'>cum</span> <span class='ocrx_word' id='word_1_357' title='bbox 1349 3374 1462 3442; x_wconf 86' lang='lat' dir='ltr'>agit</span> <span class='ocrx_word' id='word_1_358' title='bbox 1522 3374 1587 3425; x_wconf 92' lang='lat' dir='ltr'>de</span> <span class='ocrx_word' id='word_1_359' title='bbox 1644 3373 1997 3424; x_wconf 88' lang='lat' dir='ltr'>fundamento</span> <span class='ocrx_word' id='word_1_360' title='bbox 2053 3374 2108 3423; x_wconf 93' lang='lat' dir='ltr'>in</span> <span class='ocrx_word' id='word_1_361' title='bbox 2148 3388 2308 3423; x_wconf 90' lang='lat' dir='ltr'>sensu</span> 
     </span>
     <span class='ocr_line' id='line_1_40' title="bbox 89 3456 2308 3527; baseline -0.001 -18"><span class='ocrx_word' id='word_1_362' title='bbox 89 3458 475 3526; x_wconf 90' lang='lat' dir='ltr'>metaphorico,</span> <span class='ocrx_word' id='word_1_363' title='bbox 516 3459 774 3527; x_wconf 89' lang='lat' dir='ltr'>intelligit</span> <span class='ocrx_word' id='word_1_364' title='bbox 807 3458 1270 3527; x_wconf 89' lang='lat' dir='ltr'>praedicationem</span> <span class='ocrx_word' id='word_1_365' title='bbox 1298 3463 1352 3509; x_wconf 90' lang='lat' dir='ltr'>et</span> <span class='ocrx_word' id='word_1_366' title='bbox 1394 3458 1711 3509; x_wconf 90' lang='lat' dir='ltr'>doctrinam.</span> <span class='ocrx_word' id='word_1_367' title='bbox 1779 3457 1957 3517; x_wconf 85' lang='lat' dir='ltr'>Quare</span> <span class='ocrx_word' id='word_1_368' title='bbox 1999 3456 2069 3508; x_wconf 89' lang='lat' dir='ltr'>ad</span> <span class='ocrx_word' id='word_1_369' title='bbox 2108 3456 2308 3507; x_wconf 88' lang='lat' dir='ltr'>Roma-</span> 
     </span>
     <span class='ocr_line' id='line_1_41' title="bbox 87 3539 2307 3612; baseline -0.002 -18"><span class='ocrx_word' id='word_1_370' title='bbox 87 3561 184 3595; x_wconf 90' lang='lat' dir='ltr'>nos</span> <span class='ocrx_word' id='word_1_371' title='bbox 221 3543 365 3609; x_wconf 88' lang='lat' dir='ltr'>dicit,</span> <span class='ocrx_word' id='word_1_372' title='bbox 407 3560 461 3595; x_wconf 91' lang='lat' dir='ltr'>se</span> <span class='ocrx_word' id='word_1_373' title='bbox 502 3561 608 3594; x_wconf 92' lang='lat' dir='ltr'>non</span> <span class='ocrx_word' id='word_1_374' title='bbox 650 3543 991 3612; x_wconf 87' lang='lat' dir='ltr'>praedicasse</span> <span class='ocrx_word' id='word_1_375' title='bbox 1030 3543 1086 3593; x_wconf 90' lang='lat' dir='ltr'>in</span> <span class='ocrx_word' id='word_1_376' title='bbox 1125 3542 1270 3608; x_wconf 79' lang='grc'><strong>10016,</strong></span> <span class='ocrx_word' id='word_1_377' title='bbox 1310 3543 1365 3593; x_wconf 88' lang='grc'>111</span> <span class='ocrx_word' id='word_1_378' title='bbox 1394 3542 1587 3611; x_wconf 91' lang='lat' dir='ltr'>quibus</span> <span class='ocrx_word' id='word_1_379' title='bbox 1628 3543 1780 3594; x_wconf 90' lang='lat' dir='ltr'>Iesus</span> <span class='ocrx_word' id='word_1_380' title='bbox 1810 3541 2056 3593; x_wconf 80' lang='lat' dir='ltr'>Christus</span> <span class='ocrx_word' id='word_1_381' title='bbox 2096 3539 2307 3609; x_wconf 92' lang='lat' dir='ltr'>praedi-</span> 
     </span>
     <span class='ocr_line' id='line_1_42' title="bbox 89 3625 2308 3695; baseline -0.001 -19"><span class='ocrx_word' id='word_1_382' title='bbox 89 3631 239 3677; x_wconf 91' lang='lat' dir='ltr'>catus</span> <span class='ocrx_word' id='word_1_383' title='bbox 277 3625 470 3690; x_wconf 85' lang='lat' dir='ltr'>fuerat,</span> <span class='ocrx_word' id='word_1_384' title='bbox 511 3644 577 3677; x_wconf 93' lang='lat' dir='ltr'>ne</span> <span class='ocrx_word' id='word_1_385' title='bbox 618 3644 780 3695; x_wconf 91' lang='lat' dir='ltr'>super</span> <span class='ocrx_word' id='word_1_386' title='bbox 808 3626 1047 3677; x_wconf 90' lang='lat' dir='ltr'>alienum</span> <span class='ocrx_word' id='word_1_387' title='bbox 1076 3625 1505 3691; x_wconf 90' lang='lat' dir='ltr'>fundamentum,</span> <span class='ocrx_word' id='word_1_388' title='bbox 1546 3625 1598 3678; x_wconf 90' lang='lat' dir='ltr'>h.</span> <span class='ocrx_word' id='word_1_389' title='bbox 1626 3643 1670 3676; x_wconf 92' lang='lat' dir='ltr'>e.</span> <span class='ocrx_word' id='word_1_390' title='bbox 1700 3642 1863 3694; x_wconf 90' lang='lat' dir='ltr'>super</span> <span class='ocrx_word' id='word_1_391' title='bbox 1891 3625 2125 3676; x_wconf 91' lang='lat' dir='ltr'>alienam</span> <span class='ocrx_word' id='word_1_392' title='bbox 2153 3641 2308 3692; x_wconf 91' lang='lat' dir='ltr'>prae-</span> 
     </span>
     <span class='ocr_line' id='line_1_43' title="bbox 90 3707 2307 3777; baseline -0.001 -17"><span class='ocrx_word' id='word_1_393' title='bbox 90 3708 433 3774; x_wconf 91' lang='lat' dir='ltr'>dicationem,</span> <span class='ocrx_word' id='word_1_394' title='bbox 474 3709 801 3762; x_wconf 90' lang='lat' dir='ltr'>aedificaret.</span> <span class='ocrx_word' id='word_1_395' title='bbox 854 3709 944 3759; x_wconf 88' lang='lat' dir='ltr'>Ad</span> <span class='ocrx_word' id='word_1_396' title='bbox 971 3709 1237 3777; x_wconf 86' lang='lat' dir='ltr'>Ephesios</span> <span class='ocrx_word' id='word_1_397' title='bbox 1278 3725 1405 3760; x_wconf 87' lang='lat' dir='ltr'>vero</span> <span class='ocrx_word' id='word_1_398' title='bbox 1446 3709 1615 3759; x_wconf 87' lang='lat' dir='ltr'>multo</span> <span class='ocrx_word' id='word_1_399' title='bbox 1657 3709 1844 3776; x_wconf 89' lang='lat' dir='ltr'>magis.</span> <span class='ocrx_word' id='word_1_400' title='bbox 1899 3707 2133 3767; x_wconf 80' lang='lat' dir='ltr'>Quinam</span> <span class='ocrx_word' id='word_1_401' title='bbox 2163 3707 2307 3758; x_wconf 90' lang='lat' dir='ltr'>enim</span> 
     </span>
     <span class='ocr_line' id='line_1_44' title="bbox 89 3790 2309 3861; baseline -0.001 -18"><span class='ocrx_word' id='word_1_402' title='bbox 89 3809 275 3844; x_wconf 88' lang='lat' dir='ltr'>sensus</span> <span class='ocrx_word' id='word_1_403' title='bbox 327 3797 406 3844; x_wconf 91' lang='lat' dir='ltr'>est</span> <span class='ocrx_word' id='word_1_404' title='bbox 457 3810 643 3844; x_wconf 90' lang='lat' dir='ltr'>sensus</span> <span class='ocrx_word' id='word_1_405' title='bbox 683 3792 972 3861; x_wconf 79' lang='lat' dir='ltr'>Apostoli?</span> <span class='ocrx_word' id='word_1_406' title='bbox 1037 3791 1269 3843; x_wconf 82' lang='lat' dir='ltr'>Dixerat</span> <span class='ocrx_word' id='word_1_407' title='bbox 1309 3792 1632 3860; x_wconf 80' lang='lat' dir='ltr'>ApostoluS,</span> <span class='ocrx_word' id='word_1_408' title='bbox 1689 3791 1832 3859; x_wconf 92' lang='lat' dir='ltr'>quod</span> <span class='ocrx_word' id='word_1_409' title='bbox 1871 3790 2097 3859; x_wconf 90' lang='lat' dir='ltr'>Ephesii</span> <span class='ocrx_word' id='word_1_410' title='bbox 2154 3794 2309 3841; x_wconf 91' lang='lat' dir='ltr'>erant</span> 
     </span>
     <span class='ocr_line' id='line_1_45' title="bbox 91 3874 2308 3944; baseline -0 -19"><span class='ocrx_word' id='word_1_411' title='bbox 91 3874 329 3944; x_wconf 90' lang='lat' dir='ltr'>hospites</span> <span class='ocrx_word' id='word_1_412' title='bbox 368 3880 831 3941; x_wconf 90' lang='lat' dir='ltr'>testamentorum,</span> <span class='ocrx_word' id='word_1_413' title='bbox 874 3876 925 3926; x_wconf 93' lang='lat' dir='ltr'>h.</span> <span class='ocrx_word' id='word_1_414' title='bbox 965 3893 1010 3926; x_wconf 94' lang='lat' dir='ltr'>e.</span> <span class='ocrx_word' id='word_1_415' title='bbox 1053 3875 1266 3927; x_wconf 82' lang='lat' dir='ltr'>externi</span> <span class='ocrx_word' id='word_1_416' title='bbox 1307 3892 1338 3925; x_wconf 94' lang='lat' dir='ltr'>a</span> <span class='ocrx_word' id='word_1_417' title='bbox 1377 3876 1548 3944; x_wconf 90' lang='lat' dir='ltr'>pactis</span> <span class='ocrx_word' id='word_1_418' title='bbox 1576 3875 1681 3926; x_wconf 91' lang='lat' dir='ltr'>Dei</span> <span class='ocrx_word' id='word_1_419' title='bbox 1723 3892 1845 3925; x_wconf 90' lang='lat' dir='ltr'>cum</span> <span class='ocrx_word' id='word_1_420' title='bbox 1873 3874 2123 3938; x_wconf 81' lang='lat' dir='ltr'>Iudaeis3</span> <span class='ocrx_word' id='word_1_421' title='bbox 2166 3891 2308 3925; x_wconf 89' lang='lat' dir='ltr'>nunc</span> 
     </span>
    </p>
   </div>
  </div>
 </body>
</html>
