2548 4290
259 109 361 160 114
673 108 786 149 Pars
821 107 878 148 ΙΙ.
938 105 1094 150 Const.
1129 106 1184 148 de
1218 108 1439 149 Ecclesia.
1506 106 1618 163 Cap.
1652 108 1687 148 Ι.
1744 108 1859 150 Eius
1891 109 2098 151 historia.

254 256 325 310 ab
367 256 524 309 initio
567 253 884 307 observavit
910 252 1100 305 Illffius
1130 252 1509 322 MoguntinuS,
1551 251 1698 322 quod
1740 252 1950 306 scilicet
1990 271 2209 308 omnem
2250 260 2530 309 construc-

253 342 459 395 tionem
500 356 718 408 semper
759 338 946 408 aliqua
988 337 1288 390 delineatio
1318 336 1619 407 praecedat
1648 342 1885 409 oportet.
1916 369 1984 375 —
2015 338 2092 391 At
2131 356 2324 392 verum
2362 340 2529 395 etiam

251 432 335 480 est
374 426 514 478 illud
552 425 749 477 scitum
791 423 1277 495 philosophorum,
1320 421 1558 490 scilicet,
1600 422 1748 493 quod
1788 424 1939 493 prius
1981 429 2064 477 est
2102 424 2160 477 in
2200 425 2527 496 intentione,

251 511 522 582 posterius
565 515 647 563 est
686 510 741 562 in
785 509 1162 562 exsecutione.

399 595 552 662 „Iam
596 636 606 647 .
650 634 660 645 .
705 636 715 646 .
755 593 1008 647 Christus
1050 593 1323 646 Dominus
1375 597 1564 645 noster
1617 594 1770 646 venit
1820 594 1877 646 in
1928 594 2076 647 hunc
2129 593 2427 664 mundum,
2467 602 2529 649 ut

247 681 566 735 aedificaret
608 679 710 732 sibi
734 679 1043 732 Ecclesiam
1074 695 1332 749 sponsam
1373 696 1484 730 non
1526 677 1825 732 habentem
1866 680 2143 733 maculam
2172 685 2268 733 aut
2295 698 2524 751 rugam3

248 784 311 820 ac
355 765 590 837 proinde
633 765 780 817 illius
822 763 1129 836 perfectam
1161 763 1595 816 delineationem
1626 763 1819 817 debuit
1859 764 2085 820 habere.
2118 799 2184 805 —
2218 765 2293 819 At
2322 784 2526 837 quaeso

244 852 526 905 undenam
577 850 735 903 nobis
788 848 1105 902 huiusmodi
1160 848 1460 901 delineatio
1504 849 1683 919 potuit
1736 850 2054 920 apparere?
2122 851 2330 922 Utique
2373 851 2527 905 Iesus

246 936 495 991 Christus
536 936 746 988 nullam
788 935 1239 987 constitutionem
1283 933 1350 986 de
1380 934 1631 987 Ecclesia
1672 935 1830 988 nobis
1871 936 2077 1006 scripto
2118 936 2368 1007 reliquit3
2409 936 2526 1007 ipse

244 1024 419 1089 enim,
473 1028 534 1075 ut
575 1022 651 1074 ait
693 1021 1072 1091 evangelium,
1122 1022 1280 1090 coepit
1306 1020 1492 1089 facere
1530 1027 1573 1073 et
1612 1020 1845 1075 docere1.
1923 1021 2119 1093 Itaque
2162 1040 2233 1076 ex
2273 1022 2430 1076 factis
2473 1027 2527 1077 et

244 1108 403 1161 dictis
446 1106 651 1160 Christi
692 1105 1076 1160 tantummodo
1118 1106 1436 1158 constitutio
1466 1105 1752 1160 Ecclesiae
1795 1106 1963 1160 debet
2000 1107 2179 1178 argui.
2232 1106 2350 1160 Iam
2393 1125 2523 1162 vero

242 1194 521 1265 quodnam
574 1199 656 1246 est
696 1192 906 1245 factum
959 1192 1196 1262 primum
1240 1191 1328 1244 vel
1373 1191 1579 1244 dictum
1621 1191 1848 1245 Domini
1901 1195 2074 1247 nostri
2122 1194 2179 1246 in
2220 1193 2413 1247 ordine
2456 1194 2525 1248 ad

241 1279 592 1333 Ecclesiam?
651 1278 815 1331 Certe
859 1284 941 1331 est
981 1277 1147 1340 illud,
1192 1277 1339 1348 quod
1381 1278 1624 1331 secunda
1667 1279 1756 1333 die
1798 1297 1829 1332 a
1868 1280 1982 1332 vita
2022 1298 2121 1333 sua
2160 1279 2412 1351 publica,
2464 1285 2526 1334 ut

240 1366 414 1433 aiunt,
458 1383 581 1417 cum
625 1364 844 1417 nonnisi
887 1364 1023 1417 duos
1068 1363 1366 1433 discipulos
1407 1363 1667 1431 haberet,
1712 1364 2005 1418 duodecim
2047 1365 2330 1419 mensibus
2372 1382 2524 1419 ante-

241 1470 406 1521 quam
450 1451 683 1521 eligeret
712 1450 1031 1520 Apostolos,
1073 1467 1192 1502 cum
1222 1449 1417 1501 tertius
1461 1449 1760 1521 discipulus
1790 1450 1979 1504 Simon
2017 1469 2138 1504 sese
2167 1451 2247 1503 illi
2279 1451 2522 1520 offerret,

242 1537 397 1590 Iesus
429 1536 680 1589 Christus
723 1535 892 1588 dixit:
943 1534 991 1587 T
989 1553 1021 1586 u
1065 1552 1115 1587 es
1156 1534 1335 1587 Simon
1378 1535 1610 1601 Ioannis,
1649 1542 1703 1588 tu
1745 1536 1999 1589 vocaberis
2028 1536 2239 1607 Cepha-5,
2279 1537 2418 1607 quod
2463 1543 2527 1590 est

238 1624 632 1692 interpreteth
685 1621 872 1674 Petrus
898 1618 935 1676 ².
1015 1620 1223 1690 Utique
1281 1637 1460 1691 neque
1515 1621 1705 1674 Simon
1759 1639 1939 1693 neque
1990 1621 2081 1674 alii
2134 1621 2524 1691 intelligebant

239 1719 369 1761 tunc
410 1709 677 1779 temporis
717 1707 1043 1778 mysterium
1071 1706 1219 1759 illius
1249 1707 1569 1759 mutationis
1612 1713 1666 1760 et
1694 1707 1840 1760 illius
1869 1708 2240 1778 cognominis3
2284 1716 2340 1761 at
2373 1714 2522 1762 celte

236 1793 487 1847 Christus
544 1792 782 1859 sciebat,
842 1792 976 1863 quid
1019 1791 1296 1858 facturUS,
1356 1792 1489 1862 quid
1533 1792 1778 1846 dicturus
1834 1799 2012 1861 esset3
2075 1800 2198 1864 post
2239 1794 2522 1848 sexdecim

238 1897 481 1946 menses,
532 1880 587 1931 in
629 1878 1020 1948 Capharnaum
1065 1878 1303 1939 scilicet,
1347 1877 1593 1931 dicturus
1636 1885 1785 1932 erat:
1846 1878 1929 1932 Tu
1970 1897 2020 1932 es
2058 1878 2315 1947 Petrusss;
2365 1880 2522 1933 ninii-

236 1985 357 2019 rum
401 1965 467 2018 de
511 1964 781 2018 aeternali
823 1963 1105 2032 aedificio,
1161 1963 1304 2035 quod
1351 1971 1433 2016 est
1473 1964 1753 2033 Ecclesia,
1812 1965 2136 2019 extollendo
2179 1966 2333 2019 Iesus
2375 1966 2523 2037 cogi·

234 2056 386 2117 tans,
438 2051 677 2121 primum
730 2049 797 2102 de
840 2048 1205 2102 fundamento
1249 2049 1517 2102 sollicitus
1560 2049 1697 2118 fuit,
1753 2056 1921 2122 atque
1974 2052 2116 2104 sicut
2170 2051 2300 2105 olim
2346 2052 2521 2105 Abra·

236 2137 398 2190 hamo
454 2136 709 2188 dixerat:
773 2134 853 2187 Te(
907 2135 1162 2187 vocaberis
1204 2135 1532 2202 Ahralaanfl,
1584 2142 1645 2188 ut
1697 2137 1753 2188 in
1806 2138 2112 2190 mutatione
2162 2138 2399 2190 nominis
2438 2138 2520 2191 ii-

234 2223 380 2293 giter
422 2222 817 2276 admoneretur
858 2221 988 2274 novi
1030 2221 1113 2273 sui
1156 2220 1351 2280 officii:
1397 2222 1474 2274 ita
1516 2227 1571 2275 et
1600 2222 1789 2289 Petro,
1831 2241 1996 2294 quem
2038 2223 2369 2294 designabat
2396 2224 2519 2277 fuzi-

233 2309 556 2362 damentum
599 2314 653 2361 et
695 2314 911 2377 petram
954 2306 1434 2361 fundamentalem
1475 2326 1606 2361 suae
1632 2308 1951 2375 Ecclesiae,
1994 2310 2162 2363 Petro
2205 2310 2382 2363 dixit:
2435 2309 2517 2364 Tu

233 2394 490 2447 vocaberis
534 2393 747 2463 Cepleas.
802 2392 984 2462 Igitur
1025 2393 1080 2444 in
1123 2393 1339 2464 analysi
1381 2392 1655 2446 factorum
1698 2400 1753 2447 et
1794 2394 2063 2448 dictorum
2095 2394 2299 2448 Christi
2334 2396 2517 2466 quoad

233 2479 540 2533 Ecclesiam
582 2479 760 2550 primo
801 2478 926 2531 loco
967 2479 1121 2531 venit
1149 2478 1369 2545 PetrUS,
1411 2479 1464 2534 h.
1508 2498 1554 2533 e.
1598 2480 1896 2533 Primatus.
1950 2480 2085 2542 Quis
2127 2498 2260 2551 ergo
2301 2482 2420 2535 iure
2464 2488 2519 2536 et

233 2567 375 2619 iuste
416 2571 603 2638 posset
643 2564 923 2635 indignari
964 2570 1153 2618 nostro
1196 2565 1481 2633 schemati,
1525 2567 1673 2637 quod
1714 2567 1945 2638 incipiat
1986 2585 2018 2620 a
2058 2566 2350 2621 Primatu?

387 2652 532 2719 „Sed
574 2669 753 2722 neque
797 2650 947 2703 aliud
999 2657 1291 2722 peccatum
1348 2652 1413 2705 de
1456 2652 1720 2706 methodo
1773 2653 2117 2706 tractationis
2175 2672 2245 2708 ex
2286 2654 2514 2709 arbitrio

232 2739 495 2792 innovata
538 2738 784 2790 accusari
826 2743 1009 2807 potest
1037 2739 1196 2790 iuste.
1263 2737 1558 2806 Equidem,
1599 2744 1661 2791 ut
1702 2757 1893 2793 omnes
1934 2740 2132 2794 melius
2173 2741 2360 2807 nostis,
2402 2760 2515 2794 mc-

231 2823 434 2877 thodus
479 2824 566 2876 vel
606 2822 886 2894 analytica
928 2828 1010 2875 est
1049 2823 1139 2875 vel
1181 2823 1514 2894 synthetica.
1596 2824 1809 2877 Verum
1852 2831 1950 2892 est,
1995 2825 2144 2896 quod
2184 2831 2513 2881 tractatores

229 2910 347 2962 sive
389 2908 706 2979 theologiae
750 2908 864 2961 sive
906 2908 1041 2960 iuris
1083 2908 1445 2962 ecclesiastici
1487 2915 1549 2962 ut
1589 2910 1889 2980 plurimum
1928 2916 2159 2964 utuntur
2199 2912 2514 2983 synthetica

232 2993 523 3060 methodo,
586 2993 683 3046 sed
742 2999 889 3046 certe
947 2993 1240 3046 methodus
1292 2994 1574 3065 analytica
1624 2996 1950 3065 praesertim
2001 2996 2282 3049 modernis
2322 2998 2511 3067 ignota

230 3099 343 3134 non
385 3086 485 3134 est.
539 3079 759 3132 Bonum
795 3085 893 3145 est,
936 3079 1083 3150 quod
1125 3079 1283 3133 nobis
1310 3098 1397 3133 res
1439 3087 1521 3134 est
1560 3099 1685 3134 cum
1715 3081 1890 3135 doctis
1917 3082 2048 3135 viris
2090 3100 2162 3135 ex
2193 3081 2509 3152 Germania,

229 3167 286 3218 in
329 3183 563 3236 quorum
605 3183 799 3218 manus
842 3170 990 3217 certe
1043 3171 1320 3218 venerunt
1361 3166 1724 3220 celeberrima
1775 3168 2028 3220 instituta
2077 3167 2211 3220 iuris
2250 3168 2509 3223 ecclesia-

228 3252 352 3304 stici
393 3250 848 3304 Vindobonensis
890 3251 1040 3304 Prof.
1085 3250 1315 3321 Georgii
1345 3251 1601 3324 Phillips,
1645 3253 1849 3323 quique
1890 3253 2026 3307 haec
2067 3253 2320 3308 instituta
2361 3256 2508 3310 evol-

228 3342 456 3403 verunt,
511 3336 690 3388 sciunt
731 3335 880 3405 quod
921 3336 1024 3388 iste
1068 3336 1375 3407 professor,
1423 3338 1526 3391 iste
1569 3337 1915 3391 doctissimus
1956 3344 2166 3407 auctor,
2208 3340 2437 3410 incipiat
2477 3360 2507 3394 i

228 3423 404 3475 titulis
446 3421 648 3475 Christi
689 3421 967 3491 integram
1008 3422 1425 3489 tractationem3
1469 3441 1639 3493 quare
1682 3424 1918 3493 primum
1963 3429 2131 3494 caput
2172 3426 2354 3496 operis
2395 3431 2505 3480 est:

230 3507 484 3561 Christus
526 3513 609 3561 est
650 3525 778 3572 reX,
826 3513 880 3559 et
922 3507 1176 3560 Ecclesia
1217 3509 1334 3560 eius
1374 3527 1629 3580 regnum.
1712 3509 1895 3571 Quare
1936 3510 2183 3564 breviter
2225 3512 2504 3566 delineata

228 3594 357 3647 idea
396 3593 555 3663 regni
598 3592 831 3659 Christi,
886 3592 1148 3662 quoniam
1191 3592 1473 3663 Christus,
1518 3599 1578 3647 ut
1620 3594 1895 3662 observat,
1938 3601 2020 3648 est
2061 3614 2163 3649 rex
2205 3604 2258 3650 et
2298 3603 2503 3669 pastor,

228 3679 414 3731 statim
454 3677 634 3731 addit:
678 3677 894 3730 Idcirco
927 3676 1086 3730 dicit:
1123 3696 1277 3748 pasce
1316 3697 1476 3750 cynos
1514 3697 1662 3746 meos,
1696 3698 1849 3750 pasce
1887 3699 1995 3735 oves
2035 3700 2191 3736 meas.
2243 3683 2372 3737 Non
2409 3683 2503 3737 ab·

227 3764 391 3816 simili
432 3762 595 3816 modo
645 3768 895 3816 nostrum
937 3762 1161 3815 schema
1213 3763 1269 3816 in
1313 3764 1578 3833 exordio,
1632 3782 1758 3818 cum
1798 3765 2183 3836 metaphoram
2226 3768 2391 3821 ducat-
2431 3768 2481 3822 al

379 3939 394 3967 ²
432 3941 547 3989 Act.
588 3942 772 4005 Apost.
804 3944 846 4004 1,
890 3945 930 3991 1.
1071 3942 1087 3970 ²
1126 3944 1201 3993 Io.
1233 3946 1380 4005 1‚42.
1521 3943 1537 3971 3
1574 3945 1759 3994 Matth.
1802 3947 1877 4007 16,
1920 3947 1996 3996 18.
2039 3960 2044 3965 ’
2132 3946 2152 3974 4
2189 3946 2318 3997 Gen.
2347 3950 2423 4009 17,
2451 3950 2479 3996 5
