2548 4290
653 137 765 177 Eius
798 149 896 190 cap.
925 137 1007 179 111.
1061 139 1131 178 De
1162 139 1389 180 Primatus
1419 142 1467 179 vi
1499 152 1551 180 ac
1582 143 1767 181 ratione.
2216 142 2320 192 223

111 281 237 334 tatis
278 286 518 350 pastores
559 287 722 350 atque
762 282 969 348 fideles,
1010 287 1121 333 tam
1161 300 1404 335 seorsum
1444 284 1644 352 singuli
1684 303 1845 354 quam
1884 286 2042 337 simul
2081 285 2321 350 omnes1,

7 356 42 433 ζ
110 363 291 416 officio
321 364 690 416 hierarchicae
718 364 1192 431 subordinationis,
1227 383 1496 435 veraeque
1526 367 1867 419 obedientiae
1897 368 2321 436 obstringuntur,

110 538 286 571 omnes
321 527 567 585 pastores,
606 524 706 584 qui,
747 539 1049 586 quacunque
1085 525 1285 573 demum
1320 526 1676 587 praefulgeant
1713 526 1984 587 dignitate,
2024 541 2125 573 non
2162 527 2322 573 solum

5 602 40 660 ζ(
112 613 213 645 11011
250 603 367 646 011111
402 598 635 646 Pontifici
671 615 835 659 pares,
872 600 959 646 sed
994 600 1067 647 ita
1103 601 1209 647 eius
1245 602 1539 649 auctoritati
1564 602 1866 661 subduntur,
1902 606 1960 649 ut
1986 602 2072 663 qui
2095 606 2324 663 pastores

5 694 30 740 j
108 674 432 736 appellantur
469 678 517 721 et
554 679 697 734 sunt,
748 676 788 721 si
822 676 1033 736 populos
1068 677 1334 737 respicias,
1372 677 1433 736 ii,
1472 677 1512 723 si
1546 677 1841 724 Pontificem
1878 682 2090 738 spectes,
2125 677 2326 724 nonnisi

0 742 41 787 ι’
111 750 281 796 ovium
329 765 539 797 numero
586 751 874 798 habeantur
910 789 920 798 .
959 786 969 796 .
1007 788 1019 800 .
1053 752 1205 798 Petro
1255 752 1556 813 imperatum
1606 756 1715 812 est,
1767 753 1839 799 ait
1888 752 2216 813 Bossuetius,
2267 757 2326 800 ut

0 818 37 874 5³²3
108 840 284 873 amore
317 829 512 873 ceteros
537 827 813 887 Apostolos
838 827 1178 887 antecelleret,
1217 843 1335 874 mox
1370 832 1427 875 ut
1453 832 1633 875 cuncta
1656 828 1980 888 gubernaret,
2018 832 2067 875 et
2094 833 2327 888 pasceret

0 944 27 967 1
108 914 285 947 omnes
322 916 477 961 agnos
514 905 564 949 et
600 917 749 962 oves,
789 901 917 949 filios
956 907 1005 949 et
1036 906 1224 949 matres
1262 907 1312 949 et
1348 904 1483 964 ipsos
1520 918 1722 964 quoque
1758 906 2002 964 pastores.
2070 903 2325 964 Pastores,

16 966 31 997 ἱ
110 976 332 1037 inquam,
370 977 409 1022 si
445 977 619 1037 populi
653 978 1008 1038 respiciantur,
1047 994 1181 1037 oveS,
1220 979 1260 1024 si
1285 978 1436 1025 Petro
1476 983 1849 1039 comparentur.
1895 978 2042 1025 Unde
2076 982 2215 1025 recte
2250 983 2327 1026 est

110 1051 236 1099 illud
269 1068 299 1099 a
325 1051 552 1100 Gersone
588 1054 1012 1114 animadversum,
1049 1055 1183 1115 quod
1222 1054 1644 1115 quemadmodum
1669 1055 1906 1115 Episcopi
1930 1055 1980 1100 in
2012 1055 2168 1101 totius
2195 1055 2327 1101 dioe-

107 1128 238 1174 cesis
284 1129 538 1189 parochiis
591 1145 733 1176 suam
780 1130 1181 1176 iurisdictionem
1234 1134 1502 1188 exercent,
1557 1131 1629 1177 ita
1677 1134 1937 1190 praestare
1986 1130 2117 1176 idem
2167 1131 2326 1190 possit

107 1202 343 1250 Summus
367 1205 610 1252 Pontifex
644 1207 695 1252 in
732 1209 856 1264 tota,
895 1221 993 1267 qua
1028 1205 1131 1252 late
1168 1210 1323 1266 patet,
1361 1207 1607 1265 Ecclesia,
1645 1212 1695 1253 et
1730 1207 1782 1252 in
1818 1206 2051 1253 omnibus
2089 1206 2327 1253 dioecesi-

111 1279 205 1325 bus
239 1279 619 1342 Episcoporum.
693 1281 838 1336 Quod
887 1282 1056 1327 divina
1091 1283 1248 1329 verba
1282 1282 1665 1342 patefecerunt,
1717 1281 1953 1343 quodque
1991 1296 2199 1328 concors
2234 1281 2328 1328 Pa-

110 1357 247 1401 trum
294 1358 546 1403 sententia
581 1358 902 1419 prodiderat,
954 1358 1004 1404 id
1040 1373 1070 1403 a
1106 1356 1343 1404 Conciliis
1382 1373 1585 1419 quoque
1630 1357 2031 1403 luculentissime
2067 1356 2326 1403 definitum

108 1433 215 1477 est:
252 1445 311 1477 ea
347 1433 530 1494 quippe
568 1449 816 1480 summum
853 1437 1170 1494 agnoverunt
1208 1437 1258 1480 et
1294 1434 1561 1480 coluerunt
1596 1434 1647 1479 in
1682 1433 1909 1479 Romano
1946 1432 2189 1479 Pontifice
2222 1432 2330 1479 Pri-

112 1509 305 1553 matum
342 1523 432 1555 seu
456 1509 803 1571 Principatum
842 1525 992 1570 super
1027 1510 1315 1556 universam
1342 1510 1636 1569 Ecclesiam,
1674 1508 1928 1555 cumulum
1967 1508 2157 1555 scilicet
2193 1512 2330 1569 pote-

112 1582 261 1628 statis
298 1587 348 1630 et
395 1585 680 1633 ordinariae
728 1586 1092 1632 iurisdictionis
1141 1601 1292 1646 super
1341 1600 1512 1632 omnes
1550 1589 1601 1632 et
1650 1584 1872 1645 singulas
1923 1584 2157 1630 catholici
2193 1585 2328 1631 orbis

112 1656 369 1705 dioeceses
416 1661 479 1708 ad
515 1677 694 1708 causas
742 1662 891 1708 etiam
930 1661 1264 1721 definiendas,
1312 1677 1441 1723 quae
1489 1665 1577 1708 aut
1622 1661 1770 1707 fidem
1817 1660 2089 1721 respiciant
2124 1664 2331 1707 0111110-

109 1735 255 1795 gotia
305 1740 534 1797 spectent
592 1738 655 1784 ad
706 1738 1105 1785 ecclesiasticum
1164 1739 1329 1785 forum
1387 1735 1741 1799 pertinentia.“
1825 1736 1922 1795 (Cf.
1973 1736 2228 1783 Bossuetii
2280 1741 2330 1783 et

112 1809 163 1856 S.
199 1810 450 1858 Bernardi
486 1812 624 1860 locos
662 1814 787 1861 alios
822 1815 874 1860 in
910 1815 1157 1861 relatione
1194 1814 1431 1875 Episcopi
1465 1813 1797 1860 Pictaviensis
1835 1811 1887 1859 C.
1925 1812 1985 1858 V.
2023 1813 2163 1858 296d
2199 1811 2328 1873 sqq.)

258 1886 272 1912 ¹
310 1886 608 1949 Oppositam
645 1891 962 1948 sententiam,
1000 1894 1056 1936 ut
1094 1893 1170 1936 est
1206 1890 1257 1936 in
1293 1890 1463 1936 adnot.
1503 1889 1566 1935 ad
1604 1890 1805 1935 schema
1841 1888 2110 1949 pristinum
2151 1886 2226 1946 (C.
2263 1887 2326 1935 V.

113 1962 209 2008 616
225 1977 267 2009 a.
292 1963 372 2022 b),
421 1964 594 2012 docuit
630 1966 985 2012 Tamburinius
1024 1965 1181 2024 (Vera
1229 1965 1344 2012 idea
1396 1966 1456 2011 de
1494 1965 1541 2012 S.
1578 1965 1704 2011 Sede
1751 1964 1806 2012 P.
1842 1964 1911 2010 II.
1964 1980 2004 2010 c.
2043 1965 2087 2010 2.
2141 1963 2165 2021 ξ
2205 1962 2327 2021 17.):

117 2036 375 2098 „Convien
426 2040 630 2101 dunque
674 2043 925 2088 ritornare
972 2042 1019 2088 al
1054 2046 1228 2089 nostro
1266 2042 1540 2103 principio,
1590 2041 1681 2087 che
1717 2040 1752 2086 il
1787 2039 1926 2099 Papa
1961 2040 2011 2085 in
2051 2039 2245 2100 qualita
2282 2040 2330 2086 di

113 2128 328 2161 vescovo
365 2115 430 2162 ha
465 2116 514 2162 10
551 2121 712 2163 010000
747 2117 996 2175 011101110,
1037 2117 1128 2164 0110
1164 2118 1330 2163 11011110
1367 2116 1438 2176 gli
1473 2116 1590 2163 altri
1626 2116 1827 2162 vescovi
1863 2116 1915 2161 in
1951 2115 2269 2176 particolare,
2304 2130 2330 2161 e

116 2189 292 2249 quindi
339 2189 364 2236 0
401 2191 728 2239 subordinato
780 2193 879 2239 alla
926 2193 1094 2239 chiesa
1139 2192 1452 2251 11111νο1001ος
1506 2207 1531 2238 0
1578 2193 1628 2238 111
1666 2191 1859 2253 qualita
1895 2191 1944 2237 di
1980 2192 2195 2252 primate
2232 2190 2330 2252 egli

114 2264 182 2312 ha
216 2281 317 2312 una
352 2269 659 2329 superiorita
695 2284 844 2329 sopra
880 2270 1001 2315 tutti
1036 2270 1052 2315 i
1086 2269 1289 2315 vescovi
1324 2269 1375 2314 in
1411 2269 1731 2329 particolare,
1768 2284 1849 2314 ma
1883 2283 1984 2314 non
2011 2282 2160 2327 sopra
2195 2270 2330 2313 tutto

114 2339 150 2387 il
186 2355 338 2404 corpo
388 2343 465 2390 de’
501 2345 720 2404 pastori,
767 2343 945 2406 poiche
980 2345 1028 2391 la
1067 2345 1304 2405 primazia
1338 2358 1439 2389 non
1477 2344 1540 2390 (10
1575 2344 1623 2390 01
1659 2343 1824 2404 Papa,
1863 2359 1914 2389 se
1950 2359 2050 2389 non
2085 2343 2121 2388 il
2158 2343 2329 2389 diritto

116 2416 167 2463 di
201 2421 625 2480 rappresentarlo,
665 2419 771 2468 0100
805 2421 854 2467 (11
891 2422 1030 2481 agire
1066 2422 1114 2466 in
1151 2436 1299 2467 nome
1337 2420 1468 2466 della
1501 2420 1686 2479 chiesa,
1724 2419 1940 2466 secondo
1975 2419 2022 2466 le
2059 2434 2147 2466 sue
2184 2419 2332 2465 istru-

111 2493 260 2553 zioni,
299 2509 325 2540 e
362 2496 579 2542 secondo
615 2497 650 2543 il
688 2512 778 2543 suo
818 2496 994 2557 spirito
1033 2511 1058 2542 e
1096 2496 1226 2543 colla
1264 2511 1354 2542 sua
1390 2496 1628 2555 autorita,
1668 2511 1694 2541 e
1732 2495 1907 2556 quindi
1944 2493 1968 2541 0
1996 2510 2190 2555 sempre
2217 2496 2332 2542 sub-

113 2569 349 2616 ordinato
388 2586 413 2617 e
447 2572 793 2633 responsabile
829 2572 876 2618 al
915 2572 1169 2619 tribunale
1207 2572 1256 2618 di
1291 2568 1401 2618 lei.“
1460 2571 1506 2629 (ξ
1544 2571 1652 2629 22);
1695 2572 1764 2630 „E
1800 2571 1941 2617 forza
1977 2570 2179 2631 dunque
2217 2586 2332 2617 con-

114 2645 370 2705 chiudere,
409 2647 499 2694 che
538 2648 653 2708 quei
691 2648 822 2694 santi
857 2649 981 2709 Papi
1019 2663 1171 2694 erano
1207 2648 1557 2694 intimamente
1596 2648 1845 2707 convinti,
1883 2648 1973 2693 che
2008 2648 2057 2693 la
2092 2647 2330 2707 primazia

113 2721 244 2768 dava
289 2722 397 2769 loro
433 2723 469 2769 il
504 2724 665 2785 primo
714 2723 867 2784 luogo
903 2724 1035 2770 inter
1072 2740 1245 2785 pares,
1295 2724 1355 2770 ed
1403 2725 1487 2770 un’
1520 2724 1742 2771 autorita
1789 2723 1988 2783 soprai
2033 2723 2233 2769 vescovi
2279 2723 2329 2769 in

114 2797 435 2858 particolare,
474 2814 557 2845 ma
591 2814 692 2845 non
730 2814 879 2860 sopra
914 2799 949 2845 il
987 2812 1155 2859 corpo,
1193 2799 1326 2845 ossia
1362 2814 1512 2860 sopra
1547 2799 1596 2845 la
1633 2799 1801 2845 chiesa
1836 2798 2136 2857 universale,
2173 2799 2222 2844 in
2250 2799 2330 2845 cui

114 2873 214 2919 essi
249 2874 578 2921 riconoscano
616 2878 752 2921 tutta
787 2875 835 2921 la
871 2875 1010 2921 forza
1045 2875 1345 2934 legislativa,
1386 2890 1411 2921 0
1447 2879 1582 2921 111110
1616 2875 1664 2920 10
1700 2876 1932 2935 pienezza
1965 2874 2096 2920 della
2131 2875 2331 2934 potesta

113 2946 423 3008 spirituale.“
465 2976 524 2982 ——
560 2950 1080 2996 Animadvertendum
1131 2953 1299 2995 autem
1349 2953 1449 3009 est,
1498 2949 1687 2995 Summi
1722 2949 1978 2996 Pontificis
2025 2953 2329 3009 potestatem

116 3023 215 3070 dici
262 3025 424 3071 solum
468 3027 666 3085 positive
711 3041 997 3087 supremam
1034 3025 1291 3072 Ecclesiae
1337 3029 1668 3086 potestatem,
1722 3025 1801 3071 cui
1849 3040 2021 3071 omnes
2057 3025 2142 3071 alii
2179 3025 2327 3071 etiam

117 3100 266 3147 simul
304 3102 490 3161 sumpti
528 3102 887 3159 subiiciantur,
937 3116 1037 3147 non
1084 3104 1256 3147 autem
1292 3101 1468 3161 negari
1505 3116 1789 3161 supremam
1836 3104 2139 3160 potestatem
2178 3100 2328 3146 etiam

115 3175 282 3223 inesse
319 3178 551 3225 omnibus
589 3178 699 3224 aliis
735 3178 877 3222 simul
924 3192 1025 3222 cum
1062 3175 1255 3223 Summo
1290 3176 1520 3236 Pontifice
1567 3176 1777 3235 sumptis
1830 3179 2070 3237 tanquam
2107 3176 2195 3221 uni
2232 3176 2330 3222 001-

115 3251 264 3312 legio.
333 3253 486 3312 Sunt,
536 3254 621 3315 qui
668 3254 848 3300 (luobus
895 3254 1133 3300 subiectis
1181 3267 1462 3313 supremam
1510 3252 1768 3297 Ecclesiae
1815 3254 2117 3311 potestatem
2162 3251 2327 3298 inesse

116 3327 311 3374 dicant:
349 3343 457 3375 eam
492 3330 741 3390 integram
779 3330 943 3375 inesse
970 3329 1171 3375 Summo
1198 3328 1430 3374 Pontifici
1467 3332 1620 3389 atque
1656 3328 1904 3387 integram
1940 3327 2091 3373 etiam
2117 3327 2327 3388 collegio

116 3404 338 3451 omnium
389 3405 751 3467 Episcoporum
801 3422 912 3452 cum
961 3405 1163 3451 Summo
1200 3404 1445 3450 Pontifice
1493 3405 1904 3461 coniunctorum,
1959 3403 2061 3449 sive
2112 3406 2229 3449 sunt
2276 3404 2327 3449 in

117 3477 396 3527 Concilium
434 3483 730 3543 congregati
766 3483 870 3529 sive
916 3497 1005 3542 per
1051 3482 1221 3528 orbem
1272 3480 1498 3541 dispersi.
1568 3479 1726 3534 Quam
1780 3479 2077 3525 sententiam
2115 3479 2165 3524 in
2202 3477 2329 3526 Con-

116 3556 380 3603 stitutione
427 3573 526 3604 non
573 3559 776 3619 negari,
830 3558 1036 3605 uberius
1085 3558 1146 3604 ab
1197 3557 1363 3617 Episc.
1416 3556 1677 3602 Tarvisino
1735 3556 1785 3601 in
1843 3555 2088 3602 relatione
2140 3554 2215 3612 (C.
2266 3555 2327 3602 V.

119 3632 252 3678 3570
279 3631 408 3693 sqq.)
447 3633 743 3694 exponitur:
788 3632 1151 3692 „Concedimus
1185 3633 1422 3679 lubenter
1460 3637 1508 3678 et
1532 3647 1639 3690 nos,
1676 3632 1726 3677 in
1753 3630 1976 3677 Concilio
2004 3632 2326 3678 oecumenico

118 3707 224 3753 sive
258 3707 310 3753 in
346 3708 608 3769 Episcopis
657 3710 961 3755 coniunctim
1014 3724 1126 3755 cum
1171 3724 1260 3754 suo
1299 3708 1461 3769 capite
1511 3723 1793 3768 supremam
1841 3707 2006 3752 inesse
2044 3710 2094 3752 et
2129 3707 2327 3766 plenam

119 3783 513 3831 ecclesiasticam
549 3788 853 3844 potestatem
890 3786 939 3830 in
980 3784 1153 3830 fideles
1191 3798 1363 3830 omnes
1401 3820 1411 3830 .
1450 3819 1459 3828 .
1499 3819 1508 3829 .
1544 3783 1709 3842 Igitur
1748 3782 1984 3843 Episcopi
2035 3783 2329 3842 congregati

118 3873 234 3904 cum
270 3860 434 3919 capite
470 3860 519 3905 in
547 3859 770 3906 Concilio
809 3860 1148 3918 oecumenico,
1187 3872 1285 3919 quo
1322 3859 1373 3904 in
1399 3874 1518 3904 casu
1551 3861 1709 3904 totam
1734 3857 2011 3903 Ecclesiam
2038 3871 2330 3916 repraesen-
