2548 4290
558 159 794 199 Discussio
828 159 1038 211 specialis
1070 161 1115 199 in
1148 159 1308 213 Congr.
1342 172 1438 213 gen.
1503 160 1611 214 Cap.
1644 161 1723 201 ΠΙ.
1755 161 1832 201 IV.
2206 161 2305 210 119

102 320 214 359 esse
252 319 373 356 cum
412 301 716 370 pastoribus
767 305 822 352 et
859 302 1117 370 gregibus
1156 303 1320 354 totius
1358 302 1635 356 Ecclesiae
1675 305 1730 355 in
1771 303 2005 355 muneris
2046 301 2305 354 exercitio

98 387 263 442 libere
303 385 763 449 communicandi3
807 386 994 453 quinta
1033 385 1254 438 tandem
1294 387 1657 456 paragrapho,
1699 388 1812 439 eius
1850 386 2087 439 tribunal
2125 402 2307 453 supre-

100 486 241 524 mum
281 485 413 533 esse,
454 467 523 519 ad
562 466 707 536 quod
746 468 802 518 in
843 468 1090 520 omnibus
1131 469 1304 520 causis
1346 469 1722 521 ecclesiasticis
1762 470 1983 534 recurri,
2023 487 2054 519 a
2094 485 2198 536 quo
2239 466 2306 517 ad

59 557 62 559 ’
98 551 241 607 aliud
277 551 514 604 tribunal
553 551 818 620 appellari
859 569 967 603 non
1007 553 1191 621 possit.

239 643 511 695 Discussio
552 643 800 712 specialis
839 645 1018 711 capitis
1057 646 1232 713 quarti
1270 644 1321 695 d.
1367 648 1448 695 15.
1488 644 1633 696 Iunii
1672 646 1873 714 incepit
1912 650 2074 714 atque
2114 644 2307 695 Patres

97 744 190 798 per
227 726 479 778 undecim
520 725 985 795 Congregationes
1026 728 1079 793 (a
1100 727 1371 794 72.--82.)
1413 729 1697 797 occupavit
1724 727 1756 780 1.
1817 728 2017 795 Ingens
2058 733 2173 779 erat
2213 744 2306 777 nu-

97 827 267 864 merus
322 814 595 861 oratorum
646 809 701 860 in
751 814 1035 878 utramque
1085 815 1295 879 partem
1348 811 1754 880 disputantium.
1842 810 2086 861 Tandem
2143 827 2305 875 „non-

95 893 226 947 nulli
264 892 457 944 Patres
496 891 770 957 videntes,
824 892 890 944 ob
942 892 1147 944 calores
1199 894 1433 946 aestivos
1472 894 1629 945 nimis
1671 893 1864 944 durum
1904 910 1965 944 ac
2020 893 2303 944 molestum

95 993 207 1030 esse
247 975 446 1027 diutius
485 975 540 1026 in
567 975 718 1027 Urbe
760 993 980 1027 manere
1022 982 1074 1027 et
1114 977 1340 1045 singulis
1382 977 1571 1029 diebus
1610 994 1707 1046 per
1748 981 1977 1046 quatuor
2016 975 2175 1027 horas
2215 993 2305 1026 au-

62 1059 206 1113 ‘dire
243 1058 432 1126 longas
471 1058 591 1109 illas
632 1058 1064 1123 dissertationes,
1108 1076 1170 1111 eo
1212 1061 1299 1111 vel
1337 1061 1507 1128 magis
1549 1060 1710 1129 quod,
1752 1060 2018 1112 exhausta
2056 1060 2163 1110 iam
2205 1058 2306 1109 dis-

94 1141 409 1212 ceptationis
450 1142 707 1207 materia,
765 1141 1153 1194 disserentibus
1203 1143 1337 1194 nihil
1387 1161 1604 1212 prorsus
1656 1144 1782 1194 novi
1837 1148 2144 1211 superesset
2185 1147 2237 1193 et
2278 1160 2305 1193 e

94 1230 277 1279 contra
315 1242 422 1276 non
462 1225 647 1293 paucis
689 1224 881 1277 diebus
922 1243 1055 1295 opus
1096 1240 1235 1278 esset
1277 1226 1343 1278 ad
1386 1233 1624 1278 oratores
1666 1243 1878 1290 omnes,
1932 1227 2023 1295 qui
2062 1226 2304 1294 inscripti

90 1308 303 1362 fuerunt
330 1313 382 1360 et
411 1307 653 1376 quotidie
681 1308 1134 1374 inscribebantur,
1165 1309 1480 1374 audiendOS,
1523 1310 1803 1361 consilium
1831 1310 2087 1368 inierunt,
2130 1308 2302 1359 cuius-

61 1409 296 1462 cunque
337 1392 555 1444 demum
597 1393 866 1461 opinionis
902 1399 1098 1458 essent,
1140 1393 1384 1461 rogandi,
1426 1399 1484 1444 ut
1525 1393 1799 1445 obtentam
1841 1391 2097 1461 loquendi
2138 1391 2304 1442 facul-

60 1480 252 1529 tatem
291 1476 660 1542 remitterent,
711 1481 763 1527 et
812 1477 995 1527 clausa
1047 1476 1148 1527 hoc
1190 1476 1347 1528 modo
1390 1476 1749 1541 discussione,
1804 1475 2076 1544 suffragiis
2118 1476 2305 1542 exqui-

92 1557 268 1612 rendis
307 1559 456 1611 locus
495 1559 665 1611 fieret.
723 1558 955 1610 Multum
996 1560 1047 1611 in
1087 1559 1185 1610 hac
1226 1577 1283 1610 re
1325 1559 1783 1611 adlaboraverunt
1823 1559 1944 1610 Rffli
1974 1558 2096 1610 DD.
2124 1557 2305 1626 Episc.

92 1642 408 1712 AquilanuS,
449 1642 629 1711 Episc.
671 1642 1033 1708 Veronensis,
1074 1643 1331 1710 Archiep.
1374 1642 1685 1695 Colocensis
1728 1649 1779 1694 et
1820 1642 2080 1711 Archiep.
2122 1641 2306 1692 WVest-

97 1725 547 1790 monasteriensiS,
591 1726 681 1794 qui
722 1743 753 1776 a
795 1725 1041 1793 pluribus
1082 1725 1272 1777 diebus
1299 1731 1571 1778 oratorum
1602 1726 2023 1795 subscriptiones
2051 1724 2306 1791 colligen-

92 1807 183 1861 das
220 1814 491 1860 curarunt.
571 1808 658 1859 Ab
700 1809 852 1859 initio
895 1809 1115 1877 quidem
1168 1826 1273 1860 non
1316 1809 1474 1878 pauci
1527 1810 1775 1860 resistere
1818 1810 1916 1860 visi
1957 1812 2105 1871 sunt,
2161 1815 2304 1876 post-

88 1890 302 1944 modum
340 1908 487 1957 ver0,
537 1908 660 1942 cum
700 1901 933 1957 nossent,
976 1892 1350 1943 universorum
1392 1892 1616 1943 Patruin
1658 1891 1985 1944 desiderium
2025 1892 2126 1942 hoc
2169 1907 2303 1954 esse,

90 1978 143 2027 et
178 1973 316 2027 facto
358 1975 693 2043 probassent,
734 1975 924 2043 longas
966 1976 1084 2026 illas
1122 1975 1525 2027 dissertationes
1553 1976 1682 2027 ferri
1710 1976 1940 2045 amplius
1981 1993 2088 2027 non
2128 1991 2304 2042 posse,

90 2057 355 2110 communi
409 2064 535 2109 voto
591 2057 705 2109 fere
763 2076 947 2110 omnes
1004 2057 1537 2111 obsecundarunt·‘².
1618 2059 1809 2128 Itaque
1866 2059 1916 2110 d.
1970 2061 2017 2109 4.
2070 2057 2195 2108 Iulii
2248 2056 2303 2107 in

89 2137 523 2209 Congregatione
564 2142 809 2208 generali
851 2142 1180 2210 octogesima
1220 2141 1392 2193 altera
1432 2142 1605 2211 primo
1635 2142 1912 2211 praelecta
1937 2146 2058 2192 sunt
2086 2140 2305 2192 nomina

89 2238 301 2289 eorum,
357 2224 447 2292 qui
488 2222 743 2275 obtentae
788 2225 976 2276 veniae
1026 2224 1283 2293 loquendi
1324 2225 1730 2288 renuntiarunt3
1786 2225 1981 2276 deinde
2034 2224 2156 2288 alii,
2214 2223 2304 2291 qui

87 2306 297 2360 veniam
345 2306 601 2375 loquendi
643 2308 941 2375 petierant,
997 2307 1066 2358 ad
1118 2308 1407 2360 ambonem
1447 2309 1623 2360 vocati
1681 2315 1819 2361 sunt.
1899 2308 2006 2360 Sed
2047 2308 2208 2358 etiam
2249 2306 2303 2356 hi

89 2386 200 2441 fere
240 2406 425 2442 omnes
464 2392 859 2455 renuntiarunt,
902 2397 961 2441 ut
1001 2409 1064 2443 eo
1108 2391 1194 2443 die
1237 2392 1494 2443 discussio
1536 2393 1784 2461 specialis
1825 2392 2068 2443 finiretur
2091 2389 2126 2442 3.

227 2482 650 2537 Emendationes
690 2504 721 2538 a
760 2485 1014 2538 Patribus
1056 2487 1365 2555 propositae
1382 2486 1417 2549 4,
1460 2488 1604 2556 typis
1645 2487 1953 2556 impressae,
1998 2485 2048 2536 d.
2095 2487 2136 2536 7.
2179 2483 2302 2534 Iulii

85 2565 222 2618 inter
261 2568 453 2621 Patres
506 2569 1003 2621 distribuebantur⁵
1060 2577 1221 2639 atque
1274 2588 1304 2621 a
1346 2570 1696 2639 deputatione
1750 2570 1814 2622 de
1866 2570 1971 2622 fide
2024 2569 2077 2619 in
2131 2567 2303 2618 tribus

84 2651 406 2704 sessionibus
447 2653 902 2706 examinabantur
922 2654 957 2705 ⁶.
1021 2654 1156 2706 Inde
1197 2673 1228 2706 a
1269 2656 1371 2721 die,
1415 2673 1518 2723 quo
1560 2656 1777 2707 schema
1818 2672 1989 2707 novae
2032 2653 2302 2706 Constitu-

84 2732 239 2787 tionis
281 2735 707 2804 Congregationi
749 2737 992 2805 generali
1033 2739 1368 2807 propositum
1411 2744 1551 2803 erat,
1596 2744 1649 2790 et
1689 2739 1934 2808 deputati
1975 2742 2028 2789 et
2069 2737 2159 2788 alii
2199 2736 2302 2786 Pa-

84 2964 364 3014 scoporum.
434 2953 781 3002 Asserendum
818 2956 974 3016 igitur
1024 2961 1131 3003 erat
1178 2973 1207 3003 a
1244 2956 1468 3004 Concilio
1507 2957 1756 3004 Vaticano
1800 2956 1933 3003 clare
1971 2954 2298 3014 contrarium,

83 3029 139 3074 ut
174 3029 333 3076 omnis
370 3030 498 3077 falsa
534 3031 889 3093 interpretatio
926 3032 1209 3080 tolleretur.
1281 3033 1528 3092 Secundo,
1566 3034 1654 3092 ait,
1694 3038 1769 3080 est
1804 3048 1982 3093 parum
2021 3046 2300 3078 accommo-

83 3100 199 3151 data
233 3108 549 3154 reverentiae
586 3107 785 3156 debitae
824 3107 1026 3155 Summo
1065 3108 1312 3156 Pontifici.
1383 3110 1451 3155 At
1489 3109 1721 3155 Summus
1757 3108 1996 3155 Pontifex
2045 3110 2182 3154 certe
2220 3107 2300 3153 de-

82 3176 283 3240 siderat,
316 3182 620 3242 proclamari
657 3184 763 3230 sine
802 3184 905 3230 ulla
943 3185 1273 3245 ambiguitate
1300 3186 1412 3231 iura
1437 3185 1816 3246 Episcoporum,
1855 3199 1947 3231 nec
1984 3182 2300 3230 reverentiae

7 3288 12 3292 .
83 3253 174 3302 sibi
210 3255 410 3304 debitae
446 3263 654 3319 propter
690 3260 783 3306 hoc
820 3260 1022 3307 incusat
1058 3261 1232 3307 deesse
1273 3261 1558 3322 Episcopos.
1630 3260 1801 3307 Tertio
1839 3270 1915 3307 est
1950 3274 2144 3321 parurn,
2182 3258 2301 3304 dici-

81 3330 188 3390 tur,
235 3338 474 3381 accurata
509 3335 559 3380 in
596 3335 1052 3396 argumentatione.
1122 3336 1191 3382 At
1227 3336 1417 3382 nullam
1455 3337 1534 3383 hic
1571 3337 1810 3384 volebant
1846 3336 2025 3397 capitis
2063 3337 2298 3381 auctores

83 3404 319 3455 adhibere
354 3410 862 3471 argumentationem,
903 3411 988 3457 sed
1025 3411 1291 3458 veritatem
1331 3412 1597 3459 dumtaxat
1635 3412 1926 3471 enuntiare,
1967 3415 2015 3458 et
2050 3425 2298 3468 asserere,

81 3478 348 3531 Pontifices
376 3485 604 3533 Summos
629 3487 744 3533 huic
781 3487 988 3534 veritati
1024 3487 1241 3535 libenter
1277 3488 1603 3549 adstipulari3
1642 3488 1775 3550 quod
1815 3488 2197 3549 comprobatum
2224 3489 2299 3532 est

78 3557 428 3618 pulcherrimis
463 3562 631 3610 verbis
669 3563 714 3610 S.
754 3563 1038 3624 Gregorii“.

219 3643 233 3671 ¹
270 3645 401 3693 Acta
436 3651 532 3695 etc.
602 3648 655 3696 O.
681 3649 742 3696 V.
782 3651 918 3698 7521)
957 3665 1062 3711 sqq.
1243 3649 1256 3675 ²
1296 3651 1424 3698 Ibid.
1496 3649 1546 3697 O.
1585 3651 1645 3697 V.
1685 3652 1775 3697 756
1792 3651 1836 3697 d.

218 3720 232 3748 ³
269 3723 397 3770 Ibid.
468 3724 521 3771 C.
558 3725 619 3772 V.
659 3728 795 3773 757a
832 3742 939 3788 sqq.
1117 3726 1136 3753 4
1172 3726 1225 3775 C.
1263 3728 1324 3773 V.
1362 3730 1494 3774 3720
1532 3744 1639 3790 sqq.

217 3799 231 3826 ⁵
267 3801 398 3849 Acta
434 3808 529 3850 etc.
597 3803 653 3852 O.
690 3805 752 3853 V.
789 3806 880 3852 758
896 3807 943 3853 b.

214 3877 230 3906 ⁶
267 3880 344 3927 Ex
380 3882 504 3928 actis
542 3886 635 3930 etc.
706 3882 760 3930 O.
799 3883 858 3929 V.
901 3883 1069 3929 1692b
1108 3899 1215 3945 sqq.
1255 3913 1312 3918 ——
1350 3885 1428 3931 Ex
1465 3885 1656 3931 diurnis
1695 3891 1788 3933 etc.
1838 3885 1891 3932 O.
1929 3885 1990 3933 V.
2034 3887 2213 3932 170212.
