2548 4290
226 97 298 149 60
365 98 478 139 Pars
500 98 535 138 I.
587 96 742 139 Const.
772 97 826 138 de
851 95 953 138 fide.
1006 96 1117 150 Cap.
1145 96 1203 137 ΙΙ.
1251 95 1504 137 Commeat.
1532 117 1590 122 —-
1616 93 1870 137 Commeat.
1896 95 1978 136 111.
2021 96 2091 137 De
2117 94 2164 138 S.
2190 94 2443 150 Scriptura.

376 244 440 296 In
482 262 548 297 ea
587 251 772 296 autem
814 261 873 295 re
916 242 1078 296 valde
1110 241 1421 295 cavendum
1462 246 1562 306 est,
1604 258 1673 293 ne
1715 259 1803 294 res
1847 240 2061 293 dicatur
2088 258 2197 293 non
2226 241 2505 312 religiosa,

223 346 369 399 quae
411 346 540 381 vere
582 328 846 399 religiosa
881 332 980 395 est,
1023 327 1170 397 quod
1213 326 1406 397 quanti
1446 326 1714 378 momenti
1758 326 1844 391 sit,
1887 325 2248 378 consideratis
2283 326 2506 396 quibus-

222 412 353 466 dam
396 412 670 483 exemplis
714 412 1219 465 controversiarum
1262 414 1434 480 patet,
1479 427 1621 480 quae
1662 410 1828 463 hodie
1871 410 2171 479 agitantur.

373 496 541 564 Sunt,
583 497 677 567 qui
719 496 982 562 doceant,
1026 513 1225 566 corpus
1269 494 1504 546 hominis
1547 511 1657 546 non
1699 494 2021 547 immediate
2063 513 2095 547 a
2137 494 2259 548 Deo
2302 513 2332 548 e
2373 495 2505 550 limo

220 588 406 634 terrae
459 581 785 649 formatum,
844 580 940 634 sed
996 581 1122 650 lege
1178 598 1210 632 a
1250 579 1373 632 Deo
1425 584 1631 632 statuta
1683 598 1755 632 ex
1805 579 2133 633 inferiorum
2185 581 2506 634 animalium

219 685 455 737 corpore
498 668 788 739 paullatim
828 667 1114 721 evolutum
1158 683 1295 732 esse,
1340 666 1428 718 cui
1466 665 1690 717 evoluto
1720 665 1875 718 Deus
1917 666 2161 720 animum
2202 666 2505 719 humanum

222 753 593 821 inspiraverit.
672 753 812 806 Eam
871 752 1179 805 doctrinam
1236 768 1360 803 cum
1419 750 1472 804 S.
1528 751 1850 821 Scripturae
1906 752 2226 805 narratione
2286 752 2353 805 de
2409 754 2544 806 ho·-

223 838 386 890 minis
438 838 717 891 creatione
772 838 1070 890 conciliare
1126 836 1339 889 volunt.
1430 836 1495 888 Id
1552 854 1650 889 nos
1703 836 1927 907 quidem
1984 837 2328 908 impossibile
2387 855 2507 892 esse

220 941 527 978 censemus,
584 924 882 986 Quaeritur
924 930 1126 990 autem,
1169 927 1353 974 utrum
1397 922 1453 973 in
1496 921 1834 992 explicanda
1873 922 1970 975 illa
1997 922 2317 975 narratione
2345 923 2506 977 liberi

220 1009 357 1076 sint,
414 1028 484 1062 an
526 1014 842 1062 exstantem
883 1008 1171 1061 Ecclesiae
1214 1007 1651 1078 explicationem
1693 1008 1849 1078 sequi
1903 1007 2159 1062 debeant.
2243 1008 2508 1070 Quaestio

220 1094 361 1148 haec
403 1096 612 1166 pendet
666 1096 734 1148 ab
778 1095 886 1147 alia
928 1095 1023 1147 illa
1065 1095 1417 1165 quaestione,
1477 1099 1663 1146 utrum
1715 1094 1967 1146 doctrina
2021 1093 2089 1146 de
2131 1093 2368 1146 hominis
2408 1094 2507 1147 im-

219 1182 464 1235 mediata
504 1184 786 1236 creatione
830 1183 899 1235 sit
940 1182 1229 1251 roligionis
1276 1181 1529 1234 doctrina
1570 1199 1762 1234 necne.
1829 1181 1896 1234 Id
1935 1182 2040 1253 ipsi
2081 1187 2306 1252 negant.
2364 1180 2509 1235 Con-

220 1267 475 1336 tendunt,
515 1268 585 1321 ad
614 1269 945 1339 religionem
987 1274 1239 1338 spectare
1269 1268 1444 1320 solam
1488 1268 1779 1320 veritatem
1814 1268 1972 1333 hanc,
2013 1267 2295 1321 hominem
2338 1268 2505 1321 etiam

219 1353 527 1406 secundum
569 1372 768 1425 corpus
811 1372 843 1406 a
883 1353 1005 1406 Deo
1050 1359 1298 1406 creatum
1341 1371 1487 1417 esse,
1531 1371 1642 1406 non
1684 1358 1901 1420 autem,
1945 1370 2144 1424 corpus
2185 1353 2505 1407 immediate

219 1456 252 1491 a
294 1439 415 1492 Deo
460 1445 705 1493 creatum
747 1457 884 1492 esse.
950 1438 1126 1492 Nobis
1170 1438 1395 1509 quidem
1438 1438 1605 1491 etiam
1648 1439 1785 1491 haec
1828 1439 2079 1509 quaestio
2120 1438 2343 1492 videtur
2386 1455 2504 1492 esse

217 1527 470 1595 quaestio
515 1526 582 1578 de
624 1526 860 1579 veritate
903 1526 1180 1595 religiosa.
1233 1525 1477 1595 Insignis
1521 1525 1670 1578 enim
1712 1524 1988 1595 quaedam
2031 1524 2372 1578 excellentia
2411 1525 2506 1578 ho-

223 1611 382 1662 minis
425 1629 818 1682 magnumque,
864 1610 1011 1681 quod
1051 1614 1211 1681 grato
1253 1611 1435 1664 animo
1478 1611 1549 1663 ad
1589 1610 1775 1664 Deum
1816 1610 2028 1664 referre
2071 1610 2255 1679 debet,
2299 1611 2505 1664 bonum

218 1713 287 1748 eo
331 1698 660 1764 continetur,
705 1697 852 1767 quod
894 1697 1198 1750 secundum
1242 1715 1440 1767 corpus
1484 1697 1616 1766 ipsis
1658 1698 1814 1767 quasi
1854 1697 1964 1750 Dei
2005 1697 2260 1750 manibus
2302 1696 2505 1750 forma-

220 1787 308 1834 tus
362 1784 431 1835 sit
482 1801 583 1837 nec
639 1783 841 1836 bestias
896 1783 1098 1836 habeat
1148 1789 1363 1853 patrem
1416 1789 1471 1836 et
1523 1789 1776 1836 matrem.
1854 1782 2054 1854 Neque
2097 1783 2324 1851 PatreS,
2378 1801 2503 1836 cum

220 1866 273 1919 S.
306 1867 647 1937 Scripturam
690 1869 1036 1939 explicantes
1078 1869 1362 1921 hominem
1402 1868 1722 1922 immediate
1766 1886 1798 1921 a
1826 1868 1949 1921 Deo
1990 1875 2237 1922 creatum
2277 1886 2397 1922 esse
2426 1868 2506 1921 c'i-

220 1958 370 2019 cunt,
413 1954 468 2006 id
498 1955 653 2024 quasi
682 1955 860 2007 obiter
890 1953 1159 2020 referunt,
1190 1953 1287 2007 sed
1316 1953 1635 2007 narratione
1667 1954 1989 2024 Scripturae
2031 1972 2303 2006 summam
2333 1972 2506 2024 qua]-

220 2038 346 2091 dam
377 2040 614 2093 hominis
655 2040 876 2092 laudem
920 2040 1194 2093 contineri
1237 2046 1450 2110 putant.
1507 2041 1766 2093 Oratoria
1795 2039 2035 2111 quadam
2065 2040 2505 2110 exaggeratione

219 2123 626 2178 Tertullianus:
675 2126 939 2192 „Totiens
981 2126 1284 2178 honoratur
1328 2125 1560 2194 (caro)‘⁴,
1604 2126 1798 2196 inquit,
1845 2126 2134 2196 „quotiens
2176 2143 2370 2178 manus
2399 2124 2506 2178 D2i

219 2212 445 2280 patitur,
491 2211 621 2264 dum
648 2213 914 2281 tangitur,
960 2212 1088 2264 dum
1120 2212 1455 2282 decerpitur,
1499 2212 1630 2264 dum
1674 2211 1986 2278 deducitur,
2030 2211 2161 2264 dum
2203 2210 2504 2281 effingitur.

219 2295 495 2367 Recogita
537 2303 712 2351 totum
752 2298 832 2349 illi
860 2297 1044 2350 Deum
1088 2308 1418 2366 occupatum
1460 2314 1524 2349 ac
1554 2297 1820 2364 deditum,
1864 2314 2049 2364 manU,
2091 2314 2274 2365 sensu,
2318 2315 2505 2367 operz,

215 2384 466 2451 consilio,
522 2385 828 2454 sapientia,
869 2384 1224 2455 providentia
1267 2392 1321 2436 et
1361 2385 1480 2455 ipsa
1521 2384 1773 2453 inprimis
1815 2383 2142 2451 affectione,
2186 2401 2294 2454 qua
2334 2384 2505 2437 linea-

219 2475 408 2522 menta
450 2469 704 2523 ducebat.
786 2470 1172 2540 Quodcunque
1217 2470 1363 2523 enim
1407 2470 1569 2523 limus
1612 2469 2069 2541 exprimebatur,
2123 2469 2375 2523 Christus
2418 2488 2506 2523 co-

214 2555 503 2624 gitabatur
544 2557 708 2609 homo
751 2556 970 2609 futurus
1017 2557 1154 2610 etc,“
1190 2558 1201 2586 ¹
2142 2612 2144 2615 ,

367 2641 542 2694 Porro
586 2648 706 2695 orta
748 2648 830 2695 est
871 2644 1153 2713 quaestio,
1211 2649 1395 2694 utrum
1440 2643 1711 2695 diluvium
1753 2643 1821 2696 ad
1877 2649 2049 2696 totam
2093 2643 2258 2713 plane
2299 2647 2506 2695 terram

219 2727 515 2798 omniaque
557 2729 819 2781 animalia
862 2730 1162 2796 terrestria,
1207 2747 1348 2799 quae
1391 2737 1553 2782 extra
1595 2747 1778 2782 arcam
1818 2728 2042 2796 fuerint,
2085 2727 2506 2782 extendendum

219 2812 316 2879 sit,
370 2833 439 2865 an
483 2814 553 2867 ad
595 2833 715 2867 eam
759 2816 932 2868 solam
976 2822 1156 2869 terrae
1200 2822 1449 2884 partem,
1490 2817 1546 2867 in
1589 2834 1698 2886 qua
1740 2815 1999 2886 degerint
2038 2815 2316 2881 homines3
2375 2815 2504 2881 imo,

217 2903 403 2951 utrum
446 2907 622 2952 totum
656 2901 960 2954 humanum
989 2919 1184 2971 genus,
1228 2908 1465 2971 excepta
1491 2901 1613 2954 Noe
1656 2901 1884 2968 familia,
1929 2901 2266 2954 exstinctum
2307 2900 2392 2967 sit,
2436 2917 2505 2952 an

218 3002 330 3037 una
370 2986 489 3038 sola
529 3004 695 3055 gens,
751 2987 907 3039 cuius
949 2987 1236 3039 historiam
1278 3005 1433 3040 sacer
1474 2988 1711 3058 scriptor
1753 2987 1993 3040 exclusis
2046 2987 2166 3040 aliis
2208 3002 2506 3056 persequa-

219 3076 326 3123 tur.
409 3071 566 3132 Quae
611 3073 861 3141 quaestio
903 3077 963 3124 ut
1006 3072 1326 3140 decidatur,
1371 3073 1712 3126 consulenda
1754 3079 1838 3125 est
1879 3072 2200 3143 Scripturae
2241 3071 2504 3124 narratic.

218 3155 422 3208 Utrum
464 3163 651 3210 autem
693 3158 749 3210 in
803 3158 919 3211 eius
972 3176 1136 3210 sensu
1191 3157 1617 3212 determinando
1660 3159 1863 3229 singuli
1904 3159 2012 3210 sint
2052 3157 2241 3225 liberi,
2299 3175 2370 3209 an
2410 3156 2505 3210 ad-

219 3241 439 3295 mittere
483 3242 723 3296 debeant
764 3260 1017 3310 sensum,
1074 3244 1167 3313 qui
1197 3244 1429 3312 fortasse
1469 3244 1815 3314 antiquitatis
1858 3243 2190 3295 christianae
2234 3259 2505 3295 consensti

218 3326 329 3379 iam
372 3327 775 3381 determinatus
817 3335 926 3396 est,
983 3329 1040 3381 id
1082 3329 1290 3399 pendet
1331 3329 1399 3381 ab
1460 3329 1636 3382 altera
1689 3329 2042 3399 quaestione,
2095 3333 2281 3381 utrum
2337 3327 2404 3381 de
2445 3346 2504 3380 re

218 3413 483 3483 religiosa
523 3421 722 3484 agatur
765 3432 959 3468 necne.
1014 3414 1081 3467 In
1123 3433 1189 3468 ea
1230 3419 1416 3468 autem
1448 3416 1771 3485 quaestione
1802 3415 1943 3467 duae
1972 3419 2159 3485 partes
2201 3414 2504 3480 doctrinae,

214 3516 384 3568 quam
415 3501 987 3567 commemoravimUS,
1015 3501 1158 3553 inter
1188 3520 1244 3553 se
1273 3505 1425 3553 recte
1456 3501 1890 3570 distinguuntur.
1945 3500 2121 3553 Multo
2152 3500 2298 3553 enim
2329 3500 2504 3569 magi÷

214 3584 397 3637 altera
437 3604 582 3656 pars,
626 3603 734 3656 qua
775 3587 1077 3655 quaeritur,
1120 3591 1302 3638 utrum
1330 3593 1505 3639 totum
1535 3604 1712 3656 genus
1741 3586 2061 3653 humanum,
2105 3604 2174 3638 an
2216 3603 2327 3637 una
2366 3602 2504 3655 gens

216 3670 498 3723 exstincta
538 3672 625 3738 sit,
667 3671 927 3741 religiosa
968 3672 1217 3741 quaestio
1261 3672 1454 3724 haberi
1497 3671 1666 3723 debet
1707 3688 1872 3741 quam
1913 3671 2079 3741 prior,
2130 3687 2271 3741 quae
2313 3676 2396 3722 est
2435 3668 2503 3721 dv

218 3758 334 3806 tota
375 3762 523 3808 terra
564 3757 654 3809 vel
697 3758 812 3809 eius
854 3762 1032 3827 parte.
1112 3757 1336 3809 Etenim
1389 3757 1599 3809 diluvio
1652 3757 1847 3826 generi
1890 3757 2131 3809 humano
2184 3754 2501 3809 manifesta

377 3928 387 3954 ¹
424 3929 501 3977 De
539 3930 920 3977 resurrectione
959 3930 1128 3977 carnis
1167 3946 1209 3977 c.
1249 3933 1276 3976 6
1317 3929 1511 3991 (Migne
1547 3928 1603 3977 P.
1643 3929 1699 3977 L.
1738 3929 1808 3989 Π,
1847 3928 1979 3988 802).
