2548 4290
247 142 317 193 42
441 142 554 183 Pars
585 141 621 182 Ι.
677 140 830 182 Const.
866 139 921 180 de
951 137 1052 179 fide.
1119 136 1230 192 Cap.
1264 137 1322 177 ΙΙ.
1382 134 1801 178 commentationes
1837 134 1890 176 de
1924 134 2161 188 aliquibus
2194 135 2324 177 locis.

246 288 528 358 gatissima
566 287 661 340 illa
699 287 845 341 inter
887 287 1221 342 Germaniae
1262 288 1633 356 protestantes
1675 283 1895 354 opinio,
1949 281 2160 348 Deum,
2213 298 2382 352 quum
2425 280 2517 333 ob·

246 373 448 425 iectum
490 373 821 442 cognitionis
860 373 947 441 sit,
990 372 1140 444 quod
1181 370 1483 422 humanam
1525 368 1902 438 cognitionem
1943 367 2109 438 plane
2145 365 2519 431 transcendat,

245 475 277 510 a
317 457 527 510 ratione
581 457 823 511 humana
878 463 1027 512 certo
1082 455 1341 526 cognosci
1383 471 1494 506 non
1534 471 1725 523 posse,
1778 452 1877 506 sed
1930 451 1998 504 ab
2051 451 2235 504 animo
2277 451 2519 504 humano

245 560 353 595 non
395 547 508 594 tam
550 544 808 612 cognosci
849 561 1015 614 quam
1058 542 1290 595 obscure
1333 540 1488 610 quasi
1529 539 1726 591 sentiri.
1804 537 1966 599 Quod
2008 536 2231 609 quidem
2273 555 2384 590 non
2426 536 2519 590 do-

244 632 370 680 cent
408 627 603 694 solum,
647 629 739 699 qui
779 628 1261 700 supernaturalem
1305 625 1704 679 revelationem
1746 629 1984 695 negant,
2038 622 2135 676 sed
2180 622 2374 691 etiam,
2427 623 2518 693 qui

245 729 366 765 eam
407 714 751 782 profitentur.
831 713 995 767 Multi
1048 719 1234 765 tamen
1289 729 1360 764 ex
1411 710 1495 762 his
1549 727 1670 762 eam
1711 726 1847 761 voce
1891 709 2009 762 sola
2049 707 2408 779 profitentur,
2460 725 2518 761 re

244 803 478 867 negant,
533 817 701 869 quum
742 800 920 870 ipsam
960 799 1115 851 illam
1156 797 1265 850 Dei
1307 796 1377 849 ad
1419 795 1702 848 hominem
1743 795 2100 861 relationem,
2156 813 2264 865 qua
2304 811 2362 846 se
2403 793 2519 846 eius

244 882 427 936 animo
469 884 821 936 sentiendum
862 883 1146 954 praebeat,
1187 882 1296 935 Dei
1337 880 1741 935 revelationem
1785 879 1989 934 dicant.

395 968 470 1023 II.
514 969 710 1022 Altera
751 975 871 1021 erat
912 968 1190 1039 quaestiO,
1241 966 1373 1037 quid
1416 966 1483 1018 de
1525 965 1648 1018 Deo
1690 965 2019 1018 naturaliter
2060 965 2319 1036 cognosci
2361 981 2521 1035 posse

246 1052 539 1107 diceretur.

392 1138 459 1190 In
502 1140 682 1210 capite
727 1139 985 1206 docetur,
1045 1139 1290 1206 „Deum,
1348 1155 1529 1190 rermn
1571 1138 1806 1189 omnium·
1846 1138 2175 1207 principium
2215 1142 2259 1189 et
2298 1135 2521 1206 finem“,

242 1222 299 1275 in
353 1240 590 1291 canone,
648 1224 864 1292 „Deum
904 1242 1072 1277 unum
1121 1230 1165 1276 et
1203 1241 1408 1288 verum,
1467 1222 1756 1275 Creatorem
1808 1228 1852 1275 et
1890 1222 2188 1275 Dominum
2246 1222 2513 1275 nostran*

246 1310 486 1362 naturali
527 1310 754 1363 rationis
795 1311 1005 1363 lumine
1049 1315 1200 1363 certo
1243 1309 1503 1380 cognosci
1544 1326 1722 1380 posse.

392 1395 550 1449 Haec
592 1396 787 1449 eadem
827 1396 999 1450 verba
1050 1396 1159 1448 iam
1201 1396 1422 1448 inerant
1462 1395 1517 1447 in
1571 1395 1883 1462 schemate,
1943 1396 2093 1466 quod
2146 1394 2520 1467 deputationis

246 1497 378 1533 cura
403 1481 765 1535 reformatum
792 1483 971 1553 primo
1015 1483 1132 1535 eius
1162 1482 1407 1535 examini
1446 1480 1903 1534 subiiciebatur1.
1959 1481 2026 1534 In
2069 1500 2132 1534 eo
2174 1486 2359 1534 autem
2400 1480 2520 1551 ipso

245 1568 503 1620 examine
560 1568 963 1638 deputationis,
1019 1574 1079 1621 ut
1134 1568 1308 1620 verba
1361 1568 1558 1638 capitis
1598 1572 1980 1636 mutarentur,
2038 1567 2379 1639 postulatum
2421 1572 2518 1620 est.

244 1651 543 1723 Proposuit
593 1672 734 1706 unus
787 1654 843 1706 in
900 1654 1077 1724 primo
1133 1654 1418 1720 examine,
1477 1660 1537 1705 ut
1589 1653 1760 1706 verba
1816 1653 2183 1725 „principium
2225 1658 2279 1706 et
2317 1653 2514 1705 finem“

244 1744 589 1791 mutarentur
630 1739 685 1790 in
731 1739 1121 1806 „Conditorem
1176 1745 1231 1792 et
1269 1736 1669 1806 Dominum“²,
1729 1744 1783 1792 et
1826 1757 1993 1810 quum
2036 1744 2203 1810 caput
2253 1737 2520 1791 reforma-

244 1828 360 1875 tum
402 1823 603 1876 iterum
648 1825 891 1877 examini
932 1824 1314 1891 subiiceretur,
1357 1823 1465 1877 duo
1494 1824 1776 1891 volebant,
1819 1824 1993 1878 verba
2026 1843 2245 1891 „rerum
2275 1824 2518 1878 omnium

241 1909 575 1981 principium
626 1917 680 1963 et
732 1910 932 1963 finem“
1000 1911 1215 1978 omitti,
1278 1929 1480 1981 „quum
1534 1910 1690 1963 Deus
1742 1915 1804 1963 ut
1852 1929 2039 1964 rerum
2086 1911 2331 1964 omnium
2375 1910 2520 1981 prit-

242 1995 446 2066 cipium
501 2001 555 2048 et
600 1996 721 2048 finis
774 1997 1011 2049 naturali
1059 1997 1268 2050 lumine
1318 1997 1547 2049 rationis
1602 1997 1864 2067 cognosci
1915 1997 2189 2067 nequeat“
2215 1995 2251 2051 3.
2332 1995 2520 2049 Omni-

241 2080 341 2133 bus
383 2082 502 2134 aliis
530 2087 716 2134 tamen
744 2082 955 2152 placuit
982 2087 1098 2135 tota
1127 2083 1305 2153 prima
1347 2082 1748 2154 paragraphus,
1790 2087 1957 2153 atque
1988 2087 2100 2135 tam
2131 2082 2326 2152 capitis
2355 2099 2518 2153 quam

242 2166 466 2219 canonis
506 2167 680 2219 verba
732 2168 788 2219 in
839 2166 1150 2236 schemate,
1209 2167 1357 2238 quod
1408 2168 1671 2220 Patribus
1726 2166 2191 2238 Congregationis
2241 2166 2519 2238 generali3

240 2252 672 2322 proponebatur,
714 2258 933 2305 retenta
974 2258 1101 2305 sunt
1120 2253 1157 2307 ⁴.
1238 2253 1451 2307 Verum
1495 2254 1552 2306 in
1596 2255 1949 2325 expositione
1996 2254 2227 2307 rationis
2269 2272 2301 2306 a
2337 2254 2518 2306 Patri·

240 2336 341 2389 bus
383 2337 755 2409 deputationis
795 2339 852 2390 in
893 2338 1188 2391 schematis
1229 2338 1626 2391 reformatione
1666 2344 1920 2392 servatae
1976 2339 2043 2392 de
2087 2357 2299 2392 canone
2347 2338 2517 2392 adno-

241 2427 419 2475 tatur:
466 2423 619 2490 „Etsi
648 2424 704 2475 in
747 2441 958 2477 canone
1001 2424 1221 2494 legatur
1250 2424 1584 2478 vocabulum
1614 2424 1902 2492 ,Creator‘,
1945 2443 2056 2478 non
2082 2424 2207 2478 ideo
2239 2424 2515 2481 definitur.

240 2509 577 2561 creationem
630 2510 851 2580 proprie
905 2510 1109 2562 dictam
1161 2511 1375 2564 ratione
1430 2510 1800 2564 demonstrari
1851 2529 2039 2583 posse3
2095 2511 2193 2565 sed
2245 2511 2518 2564 retinetur

239 2593 588 2661 vocabulum,
634 2613 740 2665 quo
784 2595 1071 2666 Scriptura
1112 2596 1264 2666 (Sap.
1306 2598 1389 2666 13,
1425 2598 1478 2662 5)
1514 2597 1660 2649 hanc
1698 2597 1993 2651 veritatem
2031 2597 2284 2650 revelans
2326 2597 2508 2649 utitur.

238 2679 377 2731 nihil
418 2679 488 2731 ad
528 2681 644 2732 eius
686 2698 906 2733 sensum
950 2680 1434 2734 determinandum
1475 2682 1745 2737 adiect0.“
1770 2683 1791 2713 5

387 2766 453 2818 In
509 2765 970 2836 Congregationis
1022 2767 1300 2837 generalis
1356 2768 1697 2822 discussione
1752 2770 1981 2840 speciali
2043 2769 2239 2840 capitis
2288 2768 2511 2821 secundi

242 2850 470 2921 eiusque
511 2869 782 2904 canonum
821 2852 976 2904 nulla
1012 2853 1235 2905 videtur
1277 2858 1398 2905 orta
1440 2871 1557 2907 esse
1613 2854 1924 2907 difficultas,
2004 2854 2187 2916 Quum
2233 2859 2418 2907 autem
2459 2855 2512 2906 in

242 2934 688 3006 Congregatione
729 2938 982 3007 generali
1011 2939 1435 3009 quadragesima
1475 2939 1666 3010 quinta
1707 2939 1775 2992 de
1811 2945 1929 2993 tota
1958 2940 2367 2994 Constitutione
2405 2940 2515 2993 suf-

238 3022 392 3090 ragia
435 3022 712 3074 ferrentur
731 3021 766 3091 ⁶,
824 3023 892 3075 ab
945 3023 1220 3094 aliquibus
1263 3024 1523 3078 Patribus
1566 3025 1985 3079 emendationes
2026 3026 2116 3079 vel
2171 3025 2515 3079 conditiones

239 3105 502 3176 suffragio
550 3106 809 3173 „Placet“
855 3107 1106 3161 adiectae
1146 3114 1302 3175 sunt,
1349 3128 1491 3180 quae
1533 3111 1821 3181 superiora
1862 3115 1917 3164 et
1958 3111 2153 3182 capitis
2196 3115 2251 3163 et
2291 3112 2515 3164 canonis

238 3191 409 3244 verba
448 3192 771 3262 respiciunt.

388 3276 543 3329 Inter
583 3277 683 3329 has
726 3278 1144 3332 emendationes
1196 3280 1252 3331 in
1292 3288 1446 3350 caput
1477 3283 1790 3352 propositas
1830 3282 2009 3353 prima
2049 3282 2387 3350 (emendatio
2422 3283 2514 3351 51)

237 3361 376 3413 haec
434 3366 546 3413 est:
618 3361 779 3428 „Non
833 3364 1014 3432 placet
1064 3364 1283 3417 initium
1341 3367 1537 3435 capitis
1594 3366 1823 3420 secundi
1881 3371 1936 3419 et
1991 3366 2116 3419 ideo
2175 3384 2352 3420 canon
2410 3368 2513 3438 ipsi

237 3447 595 3516 respondens.
673 3447 846 3499 Aliud
901 3454 983 3501 est
1035 3449 1181 3501 enim
1241 3450 1454 3503 dicere:
1515 3452 1789 3505 rationem
1842 3469 2002 3523 posse
2055 3469 2389 3522 cognoscere
2443 3471 2513 3506 ex

238 3533 504 3584 creaturis
547 3532 960 3601 exsistentiam,
1006 3535 1273 3588 attributa
1313 3536 1438 3605 Dei,
1477 3542 1538 3589 ut
1579 3538 1765 3591 docuit
1806 3538 2110 3607 Apostolus
2151 3538 2259 3591 illis
2300 3538 2514 3592 verbis:

238 3616 565 3683 ,Invisibilia
592 3617 701 3670 Dei
731 3637 829 3688 per
856 3637 938 3684 ea,
982 3638 1123 3690 quae
1167 3620 1316 3674 facta
1356 3629 1499 3691 sunt,
1542 3624 1828 3676 intellecta
1869 3624 2321 3693 conspiciuntur‘,
2364 3630 2420 3678 et
2458 3625 2512 3676 in

387 3810 400 3836 ¹
440 3812 656 3861 Schema
694 3820 789 3862 etc.
852 3815 906 3863 O.
943 3815 1007 3862 V.
1054 3817 1242 3864 1629b.
1285 3819 1469 3867 1631b.
1544 3819 1620 3867 Cf.
1659 3836 1816 3882 supra
1854 3837 1901 3883 p.
1944 3822 2018 3868 15.

387 3888 402 3916 ²
439 3890 520 3937 Ex
557 3890 684 3939 actis
723 3896 818 3940 etc.
873 3892 928 3940 O.
965 3892 1028 3940 V.
1060 3894 1184 3940 1652
1202 3895 1248 3942 d.
1438 3895 1453 3922 ³
1491 3897 1626 3946 Ibid.
1701 3896 1756 3945 O.
1794 3898 1857 3946 V.
1900 3899 2089 3947 1655b.

385 3965 405 3992 4
442 3967 655 4016 Schema
675 3973 771 4017 etc.
818 3968 954 4018 O.V.
976 3972 1036 4017 72
1052 3986 1097 4019 a.
1120 3974 1177 4019 76
1194 3973 1242 4020 b.
1332 3972 1346 3999 ⁵
1373 3974 1525 4022 Ratio
1547 3979 1644 4023 etc.
1683 3974 1736 4023 O.
1756 3975 1818 4023 V.
1841 3977 1900 4023 79
1921 3976 1968 4024 d.
2056 3975 2073 4002 ‘³
2099 3976 2160 4023 V.
2190 3991 2345 4037 supra
2365 3991 2411 4038 p.
2433 3977 2509 4022 27.
