2548 4290
219 52 288 103 66
406 52 519 93 Pars
551 51 586 92 Ι.
644 49 799 92 Const.
836 49 890 91 de
921 48 1024 89 fide.
1089 46 1201 102 Cap.
1235 48 1295 89 ΙΙ.
1351 46 1766 90 Commentationes
1801 46 1856 88 de
1887 46 2125 100 aliquibus
2156 47 2286 88 locis.

362 196 561 266 Neque
603 193 865 246 historica
904 193 1008 247 hac
1049 193 1407 263 inquisitione
1450 209 1588 262 opus
1628 191 1750 259 fuit,
1789 196 1850 244 ut
1883 197 2050 262 caput
2088 193 2166 245 ita
2206 193 2490 264 explican-

216 281 347 334 dum
401 297 520 334 esse
576 278 1081 349 comprobaremus.
1159 277 1364 331 Verbis
1416 277 1565 330 enim
1616 277 1735 331 eius
1786 278 1918 347 ipsis
1960 277 2017 330 id
2059 284 2229 348 patet.
2309 278 2491 340 Quum

216 367 364 420 enim
405 364 689 417 catholicis
730 365 885 417 nulla
923 382 1170 435 unquam
1209 364 1354 415 iusta
1394 380 1559 414 causa
1599 380 1717 415 esse
1760 362 1992 430 dicatur,
2035 380 2132 416 cur
2160 363 2230 417 de
2257 365 2492 418 veritate

215 469 345 504 suae
386 450 671 520 religionis
713 449 997 516 dubitent,
1042 468 1139 502 seu
1182 449 1251 502 ab
1294 466 1361 501 ea
1401 448 1678 516 deficiant,
1721 466 1821 520 per
1862 466 1921 502 se
1961 454 2133 520 patet,
2181 467 2492 503 sermonem
2542 440 2548 445 „

215 554 331 589 esse
374 535 442 588 de
478 553 643 589 causa
675 536 905 589 obiective
930 535 1090 588 iusta.
1145 534 1344 605 Neque
1376 534 1541 602 enim,
1584 538 1645 586 ut
1684 551 1803 587 rem
1832 535 2092 605 exemplo
2134 535 2491 604 illustremuS,

213 621 285 688 is,
328 621 449 691 qui,
492 638 616 673 cum
656 639 830 674 errore
868 638 925 674 se
969 620 1037 673 ab
1080 621 1255 673 amico
1300 619 1574 673 offensum
1616 636 1735 672 esse
1772 625 1942 689 putet,
1986 620 2224 673 amicum
2268 619 2491 688 deserit,

210 708 403 759 iustam
452 724 569 759 eum
620 706 887 759 deserendi
936 723 1153 758 causam
1206 705 1413 758 habere
1468 704 1699 774 dicitur,
1755 705 1853 758 sed
1893 705 1938 758 is
1992 706 2198 773 solum,
2253 705 2345 776 qui
2385 724 2495 759 vere

212 791 441 861 offensus
482 797 580 846 est.
2540 782 2545 785 ‘

362 878 695 931 Afferuntur
724 882 928 943 autem,
970 882 1031 929 ut
1058 876 1251 930 initio1
1292 878 1550 942 vidimUS,
1592 879 1836 932 rationes
1871 877 2163 949 quaedam,
2203 896 2300 931 cur
2330 878 2495 931 etiam

213 964 547 1034 possibilitas
589 964 791 1017 erroris
834 962 1171 1015 invincibilis
1214 963 1440 1016 excludi
1482 964 1718 1017 dicenda
1760 964 1845 1019 sit.
1924 964 2042 1018 Eae
2083 970 2272 1016 tamen
2313 964 2369 1015 vi
2410 982 2494 1016 (a-

217 1055 360 1103 rent.
438 1050 531 1103 Ad
575 1051 815 1120 primam-
866 1049 1014 1101 enim
1067 1050 1502 1121 respondemus,
1559 1051 1832 1103 rationem
1885 1067 2014 1103 vere
2068 1049 2310 1103 adfuisse
2364 1049 2495 1102 defi·

210 1136 430 1203 niendi,
484 1135 692 1188 nullam
741 1152 962 1187 causam
1002 1135 1228 1188 obiective
1276 1136 1468 1188 *iustam
1521 1142 1742 1189 exstare
1795 1135 1961 1189 fidem
2014 1136 2069 1187 in
2123 1134 2354 1188 dubium
2394 1153 2488 1188 vo-

212 1221 392 1274 candi.
472 1221 578 1273 Illa
630 1221 777 1273 enim
830 1221 1025 1291 capitis
1079 1220 1430 1292 paragrapho
1484 1222 1661 1291 primo
1717 1222 1838 1274 loco
1895 1221 2190 1292 respicitur
2232 1219 2486 1273 doctrina

211 1307 521 1374 Hermesii,
580 1308 672 1377 qui
725 1325 947 1361 causam
1001 1307 1228 1360 obiective
1281 1309 1474 1360 iustam
1526 1308 1816 1360 dubitandi
1869 1307 2062 1360 adesse
2105 1306 2321 1373 docuit,
2376 1306 2487 1359 inio

209 1393 581 1446 commendavit
620 1392 877 1458 dubium,
922 1398 976 1446 et
1016 1394 1344 1464 praesertim
1387 1411 1507 1461 eOS,
1560 1395 1652 1465 qui
1694 1394 1979 1463 religionis
2021 1392 2273 1446 doctores
2314 1391 2490 1444 futuri

212 1484 422 1547 essent,
479 1479 859 1550 labyrinthum
910 1478 1204 1532 dubiorum
1260 1497 1358 1549 per
1412 1498 1603 1533 omnes
1655 1481 1914 1532 circuitus
1968 1496 2269 1548 peragrare
2321 1479 2487 1545 iuss‘t,

212 1583 513 1636 omnesque
566 1565 742 1618 voluit
796 1565 899 1617 sibi
940 1565 1310 1635 persuadere,
1361 1572 1530 1618 sancte
1568 1583 1618 1619 se
1667 1583 1816 1636 affere
1868 1564 2153 1635 sequendo
2211 1563 2486 1616 rationem

211 1669 539 1722 quocunque
582 1652 806 1704 demum
849 1669 915 1704 ea
945 1651 1168 1704 duxerit
1185 1648 1223 1704 ².
1278 1651 1521 1704 Hermes
1563 1651 1894 1705 catholicam
1934 1651 2265 1721 religionem
2306 1648 2492 1719 aequi-

210 1742 368 1807 parat
398 1737 578 1790 sectis.
631 1737 814 1790 Etiam
846 1737 956 1805 alii,
995 1755 1230 1807 quorum
1260 1737 1511 1790 doctrina
1539 1738 1595 1789 in
1625 1736 1855 1790 Concilii
1882 1736 2140 1790 Vaticani
2171 1734 2444 1787 definitior
2463 1752 2491 1787 e

209 1822 529 1893 respicitur,
585 1840 807 1875 causam
849 1823 1076 1876 obz'ective
1113 1824 1307 1875 iustam
1352 1822 1544 1874 adesse
1588 1840 1748 1892 posse
1791 1822 2019 1889 docent,
2067 1838 2163 1873 cur
2203 1820 2491 1873 Ecclesiae

210 1909 515 1962 catholicae
555 1909 692 1962 fides
735 1910 1042 1976 deseratur,
1086 1928 1251 1979 quam
1292 1910 1456 1962 sectis
1497 1927 1852 1980 nequaquam
1881 1906 2224 1978 praeferunt.
2281 1905 2487 1959 Eorum

210 1995 457 2048 doctrina
499 1996 813 2049 continetur
854 1996 1048 2066 quinta
1091 1995 1307 2049 decima
1348 1995 1728 2066 propositione
1758 1994 1814 2046 in
1844 1993 2059 2065 syllabo
2102 1992 2487 2054 condemnata,

211 2086 273 2133 ut
314 2079 525 2152 supra3
565 2081 822 2134 vidimus.
889 2082 1010 2134 Iam
1052 2083 1358 2152 propositio
1401 2082 1557 2149 haec,
1602 2099 1743 2152 quae
1787 2081 1857 2133 ad
1899 2080 2132 2133 verbum
2173 2097 2244 2131 ex
2285 2078 2490 2132 Liter:s

211 2166 550 2236 Apostolicis
598 2167 969 2236 „Multiplices
1010 2168 1189 2221 inter“
1235 2168 1286 2223 d.
1334 2171 1417 2221 10.
1460 2168 1605 2220 Iunii
1652 2169 1787 2221 1851
1835 2167 2126 2235 desumpta
2168 2170 2277 2231 est,
2335 2168 2487 2218 attri-

210 2252 399 2305 buitur
439 2253 496 2304 in
537 2253 621 2305 his
662 2252 868 2305 Literis
909 2253 1208 2306 Francisco
1252 2255 1320 2306 de
1363 2253 1542 2306 Paula
1585 2253 1649 2305 G.
1694 2252 1866 2322 Vigil,
1910 2252 2019 2321 qui,
2061 2257 2122 2303 ut
2162 2249 2368 2304 ibidem
2411 2250 2487 2303 di-

209 2338 367 2404 citur,
415 2342 507 2405 „ut
547 2338 1073 2391 indifferentismum
1116 2356 1179 2391 ac
1224 2339 1691 2406 rationalismum,
1738 2356 1845 2408 quo
1888 2356 1945 2390 se
1985 2336 2250 2390 infectum
2286 2335 2487 2405 prodii,

209 2424 454 2476 securius
515 2441 578 2476 ac
632 2424 860 2495 impune
917 2429 1213 2494 sequatur,
1270 2425 1541 2493 denegat,
1593 2423 1877 2477 Ecclesiae
1934 2424 2113 2476 inesse
2154 2427 2488 2493 potestaten

211 2510 524 2581 dogmatice
568 2510 888 2578 definiendi,
929 2512 1258 2581 religionem
1287 2511 1570 2565 Ecclesiae
1606 2510 1911 2563 catholicae
1953 2527 2071 2562 esse
2105 2509 2268 2561 unice
2303 2526 2486 2583 veram

209 2596 568 2665 religionem,
627 2596 917 2667 docetque,
971 2597 1171 2667 cuique
1211 2598 1450 2650 liberum
1493 2614 1611 2649 esse
1666 2615 1788 2649 eam
1831 2595 2095 2665 amplecti
2134 2611 2198 2647 ac
2240 2593 2489 2665 profiteii

209 2680 557 2749 religionem,
601 2699 767 2751 quam
795 2682 1024 2734 rationis
1066 2682 1277 2735 lumine
1307 2683 1428 2753 quis
1457 2682 1654 2735 ductus
1684 2700 1872 2735 veram
1901 2680 2234 2752 putaverit.“
2291 2679 2489 2750 Itaque

209 2783 321 2819 non
362 2765 552 2833 docet,
595 2767 866 2837 aliquem,
910 2768 1003 2837 qui
1045 2767 1113 2820 ab
1154 2767 1408 2822 Ecclesia
1450 2768 1701 2835 deficiat,
1745 2784 1932 2820 errore
1973 2766 2283 2819 invincibili
2323 2782 2488 2818 excu-

122 2888 131 2896 -
210 2852 318 2904 sari
360 2870 551 2922 posse,
607 2852 705 2905 sed
745 2852 972 2906 obiectio&
1013 2858 1235 2906 exstare
1277 2873 1398 2907 eam
1441 2854 1737 2907 deserendi
1776 2855 1889 2920 ing,
1942 2870 2042 2905 nec
2093 2852 2256 2904 unice
2297 2869 2487 2904 veram

211 2954 328 2990 esse
370 2937 679 2990 Ecclesiam
721 2937 1070 2992 catholicam.

361 3022 455 3089 Ut,
498 3023 647 3092 quod
686 3024 851 3076 altera
892 3026 1107 3077 ratione
1139 3025 1414 3093 obiicitur,
1455 3025 1780 3092 refutemUS,
1824 3024 2334 3090 animadvertimuS,
2377 3040 2486 3075 nor

209 3106 504 3160 immediate
559 3113 860 3178 propterea
916 3110 1218 3163 catholicos
1280 3110 1386 3162 dici
1443 3111 1655 3164 nullam
1710 3128 1954 3181 unquam
2009 3110 2210 3162 iustam
2266 3126 2473 3161 causan

209 3192 376 3246 fidem
429 3194 682 3246 mutandi
732 3194 821 3246 vel
879 3195 935 3246 in
990 3195 1220 3248 dubium
1270 3195 1509 3249 vocandi
1558 3196 1764 3249 habere
1820 3213 2007 3265 posse,
2066 3194 2195 3265 quia
2235 3193 2476 3247 Ecclesia

212 3278 460 3330 abundet
502 3277 722 3331 divinae
765 3280 1125 3334 institutionis
1167 3281 1356 3351 signiS,
1401 3287 1456 3335 et
1497 3281 1772 3349 catholici,
1814 3286 1875 3333 ut
1910 3281 1968 3332 in
2010 3298 2075 3333 ea
2107 3285 2479 3350 perseverent.

209 3363 391 3431 gratia
443 3362 631 3416 divina
687 3364 1053 3433 adiuventur,
1123 3367 1220 3419 sed
1278 3367 1375 3419 illa
1428 3367 1704 3420 sententia
1756 3371 1839 3419 est
1890 3365 2190 3436 explicatio
2249 3370 2304 3418 et
2359 3381 2479 3417 con-

208 3448 443 3501 tinuatio
495 3448 877 3502 antecedentis
918 3453 1256 3520 sententiae,
1312 3470 1419 3522 qua
1471 3452 1712 3505 conditio
1765 3450 2166 3505 catholicorum
2218 3451 2326 3503 alia
2368 3467 2481 3503 esse

213 3534 412 3587 dicitur
451 3540 618 3606 atque
661 3553 881 3605 eorum,
944 3538 1037 3608 qui
1079 3537 1250 3590 falsae
1293 3539 1552 3608 religioni
1602 3537 1925 3591 adhaerent.
2004 3537 2180 3590 Deest
2225 3537 2276 3589 ei
2316 3554 2482 3589 mem-

212 3618 389 3685 brum,
432 3620 580 3690 quod
621 3621 665 3673 si
706 3622 1048 3692 supplemuS,
1091 3623 1371 3675 sententia
1411 3623 1516 3676 erit
1555 3623 1720 3675 haec:
1779 3622 1889 3690 „Hi
1932 3622 2108 3689 enim,
2154 3622 2247 3692 qui
2287 3620 2482 3674 falsam

212 3702 542 3773 religionem
583 3711 881 3775 sectantur,
926 3725 1096 3777 quum
1124 3713 1179 3760 et
1207 3709 1550 3776 argumentis
1580 3712 1820 3774 careant,
1862 3706 2061 3777 quibus
2093 3707 2295 3760 veritas
2326 3706 2483 3758 huius

363 3875 378 3902 ¹
416 3876 471 3925 P.
511 3878 588 3925 62.
773 3878 788 3904 ²
828 3877 905 3927 Of.
945 3894 1102 3942 supra
1138 3895 1186 3941 p.
1225 3880 1301 3927 65.
1486 3878 1502 3906 3
1541 3879 1596 3928 Ρ.
1635 3881 1712 3927 65.
