2548 4290
44 132 57 150 *⁷
132 162 299 205 Comm.
331 160 366 200 Ι.
421 161 489 200 De
520 160 668 210 Petro,
699 159 888 198 unitatis
922 158 1159 210 principio.
1226 155 1395 198 Comm.
1427 157 1484 196 II.
1540 156 1607 196 De
1639 156 1762 196 Petri
1791 156 1994 195 Primatu
2026 158 2107 194 etc.
2183 154 2282 204 129

27 333 51 367 g
76 303 488 362 fundamentum
527 300 935 370 Apostolorum,
977 301 1092 351 eius
1133 298 1427 351 declaratio
1456 298 1686 350 habetur
1726 299 1780 349 in
1808 299 1980 349 altera
2006 297 2285 349 relationis

40 387 228 441 ⁴huius
277 389 462 453 parte,
516 401 652 453 quae
694 388 938 434 versatur
978 383 1121 433 circa
1171 399 1286 450 cap.
1329 390 1578 450 quartum
1629 381 1694 433 de
1735 381 1969 433 Romani
2009 380 2286 433 Pontificis

73 467 508 524 infallibilitate.“
535 467 548 496 ¹

216 551 394 612 Quum
435 557 617 601 tamen
667 549 811 600 idem
851 550 1189 617 propositum
1241 553 1380 600 esset
1417 548 1473 598 in
1523 547 1854 598 discussione
1909 547 2126 616 speciali
2168 564 2288 615 pro-

30 637 32 639 *
76 634 233 690 oemii
251 634 287 700 ²,
327 631 642 702 respondit3
669 632 835 683 Rffius
863 631 1053 701 Leahy
1092 632 1146 682 in
1187 631 1449 682 relatione
1479 630 1544 681 de
1574 629 2043 682 emendationibus
2071 631 2289 682 nomine

75 716 436 787 deputationis
475 715 685 767 habita:
743 715 899 782 „Non
939 715 1112 766 solum
1152 730 1372 765 necesse
1414 718 1521 777 est,
1563 718 1621 763 ut
1659 713 1726 763 sit
1764 713 1820 763 in
1858 712 2104 764 Ecclesia
2143 713 2288 781 prin-

75 800 270 870 cipium
310 798 376 850 de
417 816 472 850 se
524 804 710 867 aptum
751 804 804 850 et
844 797 1038 849 efficax
1091 796 1158 848 ad
1212 796 1603 865 procreandam
1643 795 1934 860 unitatem,
1990 795 2084 847 sed
2126 796 2288 846 etiam

76 883 142 938 ad
180 882 611 945 sustentandam,
664 882 732 933 ad
783 900 902 933 eam
955 880 1380 932 conservandam
1432 885 1485 931 et
1524 879 1957 948 perpetuandam
2010 896 2180 947 usque
2220 878 2289 929 ad

75 967 234 1020 finem
271 965 491 1017 saeculi.
555 964 626 1016 Et
667 964 797 1033 quid
838 965 1009 1032 magis
1050 963 1289 1028 inservit,
1331 963 1460 1031 quid
1498 963 1671 1030 magis
1712 962 2096 1028 necessarium,
2139 967 2197 1011 ut
2235 962 2288 1011 in

37 1047 39 1049 ’
74 1067 238 1103 unum
277 1053 725 1117 coagmententur
780 1065 965 1099 omnes
1005 1053 1186 1114 partes
1226 1046 1483 1111 aedificii,
1537 1045 1667 1114 quid
1718 1045 1889 1113 magis
1939 1044 2165 1096 inservit
2202 1043 2291 1095 vel

76 1132 245 1200 magis
271 1132 637 1183 necessarium
665 1135 745 1183 est
774 1149 934 1199 quam
963 1129 1416 1181 fundamentum?
1471 1128 1592 1180 Hoc
1620 1128 2033 1180 fundamentum
2075 1127 2291 1178 omnino

79 1216 242 1269 debet
281 1233 396 1267 esse
437 1221 491 1267 et
531 1216 712 1266 vocari
755 1214 956 1279 visibile,
997 1214 1124 1283 quia
1164 1219 1245 1265 est
1278 1212 1696 1264 fundamentum
1725 1212 1997 1263 societatis
2036 1210 2290 1273 visibilis3

79 1298 201 1369 quia
249 1303 533 1368 praeterea
588 1298 750 1349 situm
800 1303 878 1349 est
931 1299 985 1348 in
1037 1298 1154 1366 ipsa
1207 1296 1407 1347 visibili
1460 1313 1692 1364 persona
1742 1295 2063 1346 successoris
2113 1293 2291 1345 Petri:

77 1382 300 1453 proinde
327 1383 428 1434 hae
458 1399 615 1434 voces
644 1382 985 1450 ,principium
1017 1398 1076 1432 ac
1107 1380 1318 1431 visibile
1347 1379 1778 1430 fundamentum‘
1807 1384 1931 1429 sunt
1958 1377 2293 1443 retinendae,

78 1470 137 1518 ut
174 1471 500 1518 censuerunt
538 1467 728 1518 Patres
770 1464 1185 1534 deputationiS.“

853 1631 1406 1685 COMMENTATIO
1449 1630 1524 1685 ΙΙ.

280 1759 339 1802 De
371 1758 564 1802 Primatu
596 1758 676 1803 soli
709 1758 836 1803 Petro
870 1757 1026 1802 collato
1059 1770 1109 1801 ac
1142 1756 1190 1800 de
1223 1756 1343 1801 Petri
1376 1755 1428 1799 ad
1460 1756 1623 1799 ceteros
1655 1754 1878 1811 Apostolos
1911 1755 2088 1800 ratione.

224 1874 426 1927 Contra
463 1891 580 1925 eam
621 1875 811 1943 capitis
852 1873 1124 1924 undecimi
1166 1873 1400 1941 (pristini
1442 1872 1731 1924 schematis
1772 1871 1837 1922 de
1868 1868 2136 1934 Ecclesia)
2177 1887 2296 1921 sen-

80 1959 321 2024 tentiam,
361 1976 468 2026 qua
506 1958 600 2009 uni
628 1958 792 2009 Petro
833 1957 1024 2008 summi
1065 1956 1293 2025 pastoris
1335 1962 1389 2006 et
1429 1955 1653 2007 rectoris
1697 1953 1995 2005 iurisdictio
2024 1971 2055 2004 a
2084 1952 2296 2004 Christo

82 2042 315 2094 Domino
355 2041 557 2093 tradita
597 2058 711 2092 esse
753 2040 964 2105 dicitur,
1014 2040 1069 2090 in
1108 2039 1667 2091 animadversionibus
1707 2040 1931 2091 Pati-um
1973 2036 2038 2088 de
2079 2036 2171 2088 illo
2214 2054 2298 2088 ca-

81 2127 192 2197 pite
220 2127 486 2195 scriptura
514 2125 725 2177 traditis
755 2125 936 2193 aliqua
964 2124 1175 2176 obiecta
1204 2129 1373 2189 erant,
1415 2141 1552 2192 quae
1588 2124 1643 2174 in
1671 2123 1935 2174 relatione
1978 2140 2008 2173 a
2046 2120 2300 2172 Patribus

84 2210 352 2279 deputatis
402 2209 561 2260 simul
610 2226 730 2260 cum
783 2208 1057 2259 schemate
1114 2207 1401 2258 distributa
1454 2206 1692 2258 breviter
1743 2206 2048 2257 refutantur
2076 2203 2113 2254 4.
2190 2203 2298 2255 Re-

84 2293 249 2344 currit
288 2297 467 2344 autem
509 2292 700 2343 eadem
741 2309 826 2343 res
867 2292 1007 2342 inter
1047 2291 1453 2342 emendationes
1505 2308 1535 2340 a
1574 2289 1828 2340 Patribus
1868 2289 1922 2339 in
1970 2287 2300 2338 discussione

83 2376 302 2445 speciali
353 2375 513 2445 primi
553 2375 744 2444 capitis
794 2375 919 2426 novi
960 2373 1248 2425 schematis
1298 2374 1497 2442 scripto
1538 2372 1789 2437 traditas,
1839 2377 2001 2439 atque
2053 2388 2190 2421 unus
2230 2388 2301 2422 ex

83 2459 332 2512 Patribus
385 2458 670 2510 ostendere
722 2458 931 2523 studet,
991 2458 1082 2508 ubi
1131 2463 1323 2525 agatur
1378 2457 1443 2507 de
1484 2457 1754 2508 Primatus
1806 2455 2170 2518 institutione,
2226 2453 2302 2504 ibi

86 2543 232 2612 prius
272 2543 338 2594 de
379 2542 661 2611 apostolici
704 2542 941 2593 muneris
981 2541 1318 2592 institutione
1357 2540 1629 2608 agendum
1673 2556 1805 2591 esse.
1862 2537 2149 2604 „Probatio
2186 2538 2302 2588 Pri-

84 2631 258 2679 matus
296 2626 498 2686 Petri“,
539 2626 715 2694 inquit
754 2625 863 2690 ille,
920 2642 1022 2690 „ex
1062 2630 1217 2676 textu
1259 2623 1405 2693 apud
1445 2622 1637 2674 Matth.
1667 2617 1764 2687 ³26,
1811 2623 1891 2673 18.
1939 2624 2000 2671 19
2043 2627 2170 2672 tunc
2211 2620 2301 2671 de-

84 2728 231 2761 mum
270 2709 438 2762 solide
481 2715 533 2761 et
574 2715 762 2760 contra
818 2709 1146 2760 obiectiones
1186 2713 1299 2759 tute
1341 2708 1655 2770 conficitur,
1713 2707 1752 2755 si
1794 2704 1951 2756 simul
1995 2705 2302 2773 exponitur,

85 2794 140 2845 in
181 2811 287 2862 qua
325 2793 587 2844 relatione
630 2791 1046 2843 fundamentum
1086 2791 1235 2842 Petri
1276 2790 1344 2841 ad
1384 2790 1737 2841 fundamenta
1780 2788 2017 2839 omnium
2058 2791 2303 2838 versetur

86 2877 490 2946 Apostolorum,
531 2893 692 2943 super
731 2874 892 2943 quod,
934 2880 1166 2926 testante
1202 2874 1253 2926 S.
1281 2874 1451 2926 Paulo
1498 2872 1719 2939 (Ephes,
1762 2872 1834 2937 22),
1876 2871 2142 2923 aedificati
2180 2877 2304 2921 sunt

87 2960 289 3023 fideleS,
331 2966 384 3012 et
425 2958 693 3028 quomodo
721 2959 871 3011 Petri
910 2962 1148 3026 potestas
1189 2957 1435 3009 solvendi
1477 2962 1530 3007 et
1568 2955 1774 3024 ligandi
1815 2954 1883 3006 ad
1923 2954 2153 3005 similem
2195 2972 2302 3005 om-

89 3044 234 3095 nium
273 3044 662 3113 Apostolorum
716 3047 1039 3110 potestatem
1082 3041 1297 3107 (Matth.
1344 3042 1430 3107 18)
1481 3058 1537 3092 se
1590 3040 1803 3091 habeat.
1884 3038 2061 3098 Quum
2115 3037 2304 3089 eadem

89 3127 254 3179 verba
292 3127 361 3178 ad
412 3144 597 3179 omnes
638 3125 929 3194 Apostolos
970 3142 1184 3193 quoque
1228 3124 1370 3175 dicta
1410 3125 1541 3188 sint,
1594 3141 1719 3174 vere
1762 3122 1927 3173 asseri
1968 3121 2183 3189 nequit,
2235 3120 2304 3171 ad

91 3226 253 3261 unum
281 3210 507 3261 Petrum
548 3209 713 3260 fuisse
755 3209 991 3277 prolata:
1034 3214 1086 3258 et
1127 3206 1304 3275 quoad
1345 3223 1458 3257 rem
1502 3205 1688 3257 similis
1731 3205 1962 3256 obiectio
2005 3204 2069 3255 de
2111 3204 2302 3254 funda-

21 3300 27 3303 “
90 3294 282 3345 mentis
321 3293 601 3344 Ecclesiae
642 3290 1012 3361 exspectanda
1052 3296 1145 3342 est.

239 3376 724 3445 „Quandoquidem
759 3375 963 3426 decreti
992 3374 1281 3442 dogmatici
1309 3372 1482 3424 forma
1524 3390 1587 3423 ea
1628 3390 1742 3424 esse
1773 3372 1949 3436 debet,
1992 3376 2049 3422 ut
2089 3372 2303 3440 quasvis

94 3458 423 3511 obiectiones
464 3464 518 3510 et
558 3459 939 3523 dubitationes,
980 3461 1239 3526 quantum
1280 3456 1397 3507 fieri
1438 3456 1651 3523 poterit,
1693 3455 1937 3506 claritate
1978 3459 2031 3506 et
2072 3454 2305 3522 plenitu-

95 3542 217 3594 dine
255 3560 350 3593 sua
391 3541 673 3593 excludat:
717 3541 1060 3604 conveniens,
1101 3540 1207 3591 imo
1248 3540 1607 3591 necessarium
1650 3538 1878 3600 videtur,
1921 3537 2303 3605 Apostolorum

242 3733 254 3760 ¹
291 3734 365 3781 Of.
403 3749 532 3794 quae
566 3733 820 3779 habentur
855 3733 905 3778 in
943 3732 1175 3792 sequenti
1212 3732 1650 3779 commentatione.

240 3808 256 3835 ²
291 3809 682 3855 Emendationes
719 3812 812 3854 etc.
883 3807 939 3854 C.
976 3807 1036 3855 V.
1075 3810 1165 3853 303
1182 3809 1227 3855 b.
1404 3807 1419 3833 3
1458 3807 1657 3853 Relatio
1694 3810 1788 3852 etc.
1859 3805 1911 3851 O.
1950 3805 2010 3852 V.
2048 3807 2140 3852 308
2156 3808 2200 3853 b.

242 3884 261 3911 4
296 3884 350 3932 O.
386 3884 447 3931 V.
483 3885 577 3930 275
595 3886 641 3932 b.
668 3900 710 3930 c.

185 3969 504 4006 Granderath,
536 3969 695 4000 Constit.
718 3969 885 4008 dogmat.
1934 3963 1958 4000 9
