2548 4290
154 97 256 148 136
322 97 436 138 Pars
468 97 528 137 ΙΙ.
585 95 743 138 Const.
779 96 834 136 de
866 96 992 137 Eccl.
1057 94 1169 150 Cap.
1202 96 1261 136 II.
1319 95 1738 138 Commentationes
1775 96 1831 138 de
1866 97 2102 152 aliquibus
2135 99 2265 141 locis.

149 250 336 298 autem
379 244 540 296 dicit:
597 243 740 295 Estis
777 243 905 295 cives
943 247 1243 295 sanctorum
1283 248 1329 294 et
1366 241 1641 311 domestici,
1682 243 1735 297 h.
1777 262 1824 296 e.
1867 243 1924 295 in
1966 243 2129 297 domo
2169 243 2295 309 Dei,
2337 245 2432 300 ubi

147 329 276 382 sunt
316 327 675 381 Patriarchae
717 332 772 381 et
809 326 1144 398 Prophetae,
1189 343 1379 379 omnes
1420 326 1614 380 fideles
1654 333 1710 381 et
1737 327 1974 398 Angeli:
2014 329 2436 400 superaedificati

145 433 302 485 super
351 413 776 481 fundamentum
830 412 1198 483 Apostolorum
1253 417 1298 465 et
1347 411 1762 481 Prophetarum,
1827 414 1880 468 h.
1932 432 2010 483 e.,
2075 420 2137 467 ut
2188 415 2432 485 explicat
2487 438 2489 440 ¹

149 499 203 553 S.
236 498 581 565 AmbrosiUS,
624 516 791 568 super
830 497 1052 551 Novum
1096 502 1151 550 et
1190 496 1370 550 Vetus
1411 496 1861 551 Testamentum:
1905 499 2052 570 quod
2096 500 2243 553 enim
2282 499 2433 572 Apo-

147 585 272 639 stoli
327 583 682 655 praedicant,
748 583 1067 655 Prophetae
1126 582 1375 634 futurum
1443 582 1866 652 praedixerunt.
1957 584 2233 656 Loquitur
2299 604 2431 658 ergo
2475 578 2487 596 ²

146 670 450 742 Apostolus
506 669 573 723 de
613 669 869 722 Ecclesia
911 668 1095 740 quoad
1135 668 1502 721 substantiam
1544 668 1704 736 fidei,
1760 670 1818 721 in
1860 688 1968 741 qua
2009 689 2199 725 omnes
2239 671 2433 727 fideles

2485 159 2496 164 ,
2460 0 2490 92 {ss

2512 0 2548 203 mm

145 762 262 809 tum
304 757 360 808 in
402 761 577 823 statu,
635 761 696 807 ut
738 755 920 822 aiunt,
964 760 1226 822 naturae,
1269 761 1386 806 tum
1428 754 1483 806 in
1525 761 1672 807 statu
1714 755 1854 826 legis
1895 757 2160 828 scriptae,
2215 763 2333 811 tum
2375 759 2432 812 in,
2488 770 2548 815 22

145 847 291 895 statu
332 842 473 912 legis
515 841 875 911 evangelicae
918 845 1072 909 sunt,
1127 845 1182 892 et
1222 839 1428 892 idcirco
1473 839 1606 892 dicit
1645 841 2101 912 superaedificati:
2140 844 2283 896 sicut
2322 843 2436 897 Heu

145 927 300 980 braei
352 927 579 980 fuerunt
620 925 1071 996 superaedificati
1127 926 1181 977 in
1224 925 1403 994 prima
1444 925 1640 992 dom0,
1698 944 1841 996 quae
1895 927 2000 980 fuit
2039 927 2293 983 Ecclesia
2332 929 2429 983 sub
2482 949 2494 959 ²

144 1012 323 1065 forma
364 1012 750 1082 patriarchali,
792 1012 870 1063 ita
912 1016 967 1064 et
1008 1029 1107 1064 nos
1150 1010 1511 1063 aedificamur
1551 1027 1719 1082 super
1760 1012 1986 1065 domum
2015 1013 2303 1067 Ecclesiae
2332 1014 2430 1068 sub
2494 1054 2497 1058 ‚
2532 1037 2548 1069 s

144 1097 323 1151 forma
373 1098 577 1150 iudaici
630 1097 935 1167 regiminis.
1014 1095 1180 1149 Unde
1233 1095 1378 1149 idem
1421 1096 1725 1165 Apostolus
1778 1097 1849 1150 ad
1891 1098 2184 1152 Hebraeos
2225 1100 2430 1171 inquit:
2487 1161 2490 1166 ,

144 1184 435 1237 Accessistis
470 1184 543 1236 ad
580 1184 706 1236 Sion
749 1188 970 1235 montem
1010 1187 1054 1234 et
1092 1183 1346 1234 civitatem
1391 1181 1496 1234 Dei
1533 1183 1772 1250 viventiS,
1817 1183 1890 1236 ad
1929 1183 2211 1238 Ecclesiam
2246 1187 2434 1256 primi·

143 1272 367 1323 tinorum
408 1276 452 1323 et
490 1271 777 1323 multorum·
816 1269 1141 1339 Anyelorum
1168 1268 1536 1339 frequentiam
1559 1268 1592 1322 ¹.

300 1356 512 1427 „Igitur
552 1362 607 1409 et
650 1355 910 1426 Apostoli
949 1355 1090 1406 sicut
1142 1358 1197 1406 et
1238 1354 1557 1425 Prophetae
1600 1359 1728 1406 sunt
1780 1354 2207 1429 fundamentum
2247 1356 2432 1428 quoad

145 1442 619 1512 praedicationem
659 1441 807 1494 fidei.

299 1528 522 1599 „Atque
575 1528 679 1580 1100
722 1527 903 1598 ipsum
957 1525 1276 1593 confirmat,
1331 1544 1443 1578 11011
1496 1526 1738 1579 infirmat
1789 1527 2169 1580 testimonium
2211 1530 2432 1600 Apoca-

144 1613 395 1685 lypseos3
450 1633 577 1666 nam
619 1615 675 1665 in
716 1613 1061 1684 Apocalypsi
1117 1612 1318 1665 dicitur
1360 1612 1611 1683 quidem,
1665 1613 1814 1684 quod
1855 1632 2045 1666 murus
2087 1614 2257 1669 habet
2298 1613 2432 1668 duo-

146 1697 324 1751 decim
351 1698 746 1751 fundamenta:
789 1697 902 1764 sed,
932 1696 1053 1749 Effii
1083 1714 1145 1749 ac
1175 1696 1300 1749 Rffii
1331 1697 1544 1764 PatreS,
1586 1715 1742 1767 rogo,
1781 1704 1843 1751 ut
1872 1700 2223 1753 consulamus
2249 1701 2430 1772 ipsum

144 1789 381 1838 textum.
460 1785 547 1837 Ita
598 1784 793 1854 incipit
845 1787 1011 1853 caput
1053 1784 1152 1835 21:
1225 1782 1352 1835 Vidi
1399 1785 1593 1837 coelum
1644 1802 1834 1837 “zoi-um
1881 1791 1926 1838 et
1975 1791 2172 1839 terram
2226 1804 2431 1841 novam.

144 1870 392 1923 Primum
443 1872 578 1923 enim
619 1871 840 1937 coelum,
892 1875 937 1922 et
969 1870 1152 1939 prima
1190 1875 1334 1922 terra
1373 1869 1527 1937 abiit,
1581 1876 1626 1923 et
1664 1888 1811 1923 mare
1850 1872 1958 1924 iam
2000 1889 2104 1925 non
2144 1878 2232 1926 est.
2311 1872 2433 1926 Iam

2542 1842 2548 1851 ‚
2546 1823 2548 1833 1
2541 1650 2548 1798 ,...,,«....ψ.....
2539 1522 2548 1630 ‚sn-..au
2539 1506 2548 1514 2
2534 1226 2548 1497 m1—21xm...1.·21;.r.‹.1.n1
2533 1064 2548 1216 marituma
2532 942 2548 1032 fist-..tr
2532 908 2548 933 23
2530 829 2548 894 :rastra

145 1955 392 2024 videtur,
446 1956 593 2027 quod
636 1956 723 2008 1110
764 1956 1004 2008 Ioannes
1045 1954 1291 2024 loquitur
1334 1954 1402 2007 de
1443 1962 1696 2026 tempore
1738 1962 1862 2027 post
1903 1956 2051 2010 diem
2091 1957 2310 2026 iudicii,
2370 1975 2432 2012 ac
2515 1924 2548 2031 3³

148 2043 383 2113 proinde
426 2042 742 2112 subiungit:
796 2041 867 2094 Et
906 2040 1121 2095 ostendit
1160 2042 1293 2094 milii
1330 2043 1581 2094 civitatem
1630 2048 1865 2095 sanctam
1905 2043 2193 2097 Ierusalem
2234 2043 2433 2098 descen-

149 2127 346 2181 dentem
389 2128 450 2181 de
489 2129 617 2181 coelo
653 2146 686 2179 a
727 2127 853 2196 Deo,
894 2128 1105 2180 scilicet
1146 2133 1229 2179 est
1269 2126 1523 2180 Ecclesia
1563 2128 1915 2199 triumphans
1956 2130 2013 2181 in
2056 2130 2242 2198 coelis,
2282 2129 2432 2183 unde
2519 2139 2530 2198 J

146 2213 460 2283 subiungit:
515 2215 585 2267 Et
634 2214 883 2283 templum
933 2231 1038 2265 non
1078 2212 1189 2265 vidi
1224 2215 1281 2265 in
1322 2230 1411 2278 ea,
1466 2210 1733 2267 Dominus
1780 2216 1919 2267 enim
1959 2217 2276 2286 omnipOtens
2314 2221 2435 2268 tem-

137 2300 292 2368 plum
332 2300 476 2353 illius
515 2306 598 2367 est,
637 2306 680 2353 et
723 2301 925 2370 Aynus.
991 2299 1062 2351 Et
1100 2300 1278 2351 civitas
1316 2299 1415 2352 sole
1452 2317 1556 2352 non
1595 2305 1710 2369 eqet,
1750 2317 1911 2371 neque
1950 2301 2095 2367 luna,
2136 2307 2195 2354 ut
2233 2301 2435 2354 luceant

144 2385 199 2437 in
241 2403 334 2438 ea:
385 2403 512 2438 nam
562 2387 778 2438 claritas
817 2385 922 2438 Dei
971 2385 1292 2437 illuminavit
1330 2402 1472 2452 eam,
1529 2391 1573 2438 et
1612 2386 1828 2438 lucerna
1867 2387 1977 2438 eius
2015 2391 2085 2438 est
2122 2386 2324 2457 Aqnus.
2365 2429 2377 2439 .

146 2470 216 2523 Et
243 2476 428 2540 portae
476 2472 586 2523 eius
626 2489 730 2523 non
769 2470 1098 2523 claudentur.
1178 2470 1358 2540 Igitur
1412 2488 1484 2523 ex
1526 2476 1796 2523 contextu
1837 2470 2067 2524 evidens
2109 2478 2225 2536 est,
2284 2472 2432 2542 quod

146 2556 451 2626 Apostolus
492 2557 752 2627 loquatur
793 2556 860 2609 de
905 2556 1154 2609 Ecclesia
1194 2556 1562 2627 triumphanti
1603 2558 1657 2609 in
1702 2557 1887 2625 coeliS,
1929 2557 2035 2610 hoc
2076 2562 2158 2610 est
2199 2557 2267 2610 de
2309 2574 2433 2611 coe-

146 2643 271 2696 lesti
312 2643 647 2710 Ierusalem,
701 2648 756 2696 et
810 2644 888 2695 ita
940 2660 1061 2695 eam
1115 2642 1405 2696 describit:
1459 2642 1529 2695 Et
1566 2643 1782 2696 habebat
1830 2661 2049 2696 murum
2100 2661 2354 2715 maynum
2392 2650 2437 2697 et

145 2730 339 2797 altum,
390 2729 654 2783 habentem
687 2735 870 2799 portas
910 2728 1180 2782 duodecim
1201 2749 1218 2794 ;
1270 2735 1314 2782 et
1361 2731 1418 2781 in
1449 2731 1619 2798 portis
1657 2731 1879 2800 Anqelos
1919 2729 2213 2798 duodecim,
2267 2736 2312 2783 et
2349 2747 2438 2783 no-

147 2817 297 2868 mina
336 2817 586 2887 inscripta
604 2858 616 2882 ,
657 2833 789 2886 quae
826 2821 949 2867 sunt
987 2816 1204 2867 nomina
1245 2815 1513 2868 duodecim
1555 2816 1789 2869 tribuum
1826 2816 2065 2885 filiorum
2105 2816 2290 2869 Israel.
2368 2815 2439 2868 Et

146 2919 338 2954 murus
375 2903 596 2954 civitatis
635 2901 827 2954 liabens
858 2900 1224 2970 fundamenta
1264 2900 1549 2969 duodecim,
1589 2908 1634 2954 et
1660 2903 1717 2954 in
1756 2903 1886 2972 ipsis
1912 2902 2179 2955 duodecim
2220 2902 2437 2955 nomina

148 2987 417 3041 duodecim
458 2988 829 3057 Apostolorum
870 2987 1031 3057 Aqui.

303 3073 517 3143 „Igitur
545 3073 804 3144 Apostoli
846 3079 974 3126 sunt
1015 3035 1443 3125 fundamentum
1484 3073 1627 3125 muri
1655 3073 1896 3126 civitatis
1926 3072 2252 3140 Ierusalem,
2294 3072 2438 3124 sicut

148 3159 511 3212 Patriarchae
564 3165 692 3212 sunt
743 3164 939 3228 portae
993 3159 1230 3212 civitatis
1270 3159 1604 3226 Ierusalem,
1660 3165 1715 3212 et
1754 3159 1962 3230 Angeli
2003 3162 2130 3211 sunt
2180 3157 2436 3211 custodes

148 3245 385 3298 civitatis
426 3245 751 3299 Ierusalem.
831 3246 944 3298 Ista
998 3247 1193 3299 civitas
1245 3264 1317 3299 ex
1358 3245 1631 3316 Apostolo
1674 3245 1885 3299 Ioanne
1937 3249 2152 3298 constat
2202 3250 2320 3298 tum
2362 3262 2435 3297 ex

148 3330 407 3384 fidelibus
448 3331 673 3385 Veteris
716 3331 1089 3399 Testamenti,
1143 3332 1237 3402 qui
1288 3332 1650 3385 crediderunt
1700 3332 1756 3384 in
1799 3330 2078 3384 Christum
2120 3336 2435 3398 venturum,

149 3421 268 3468 tum
311 3436 383 3471 ex
423 3417 681 3470 fidelibus
722 3416 870 3470 Novi
913 3417 1286 3486 Testamenti,
1343 3419 1438 3489 qui
1478 3417 1836 3471 crediderunt
1874 3417 1930 3468 in
1970 3415 2285 3483 Christum,
2341 3415 2436 3486 qui

148 3502 256 3554 iam
314 3504 503 3571 venit,
560 3508 678 3555 tum
734 3503 899 3555 etiam
953 3521 1025 3555 ex
1066 3504 1334 3573 Angelis,
1392 3506 1483 3574 qui
1536 3508 1665 3556 sunt
1703 3502 2150 3556 administratorii
2202 3502 2434 3572 spirituS,

148 3605 321 3641 omnes
359 3590 415 3641 in
457 3591 809 3642 ministerium
849 3590 996 3642 missi
1026 3595 1245 3659 propter
1283 3607 1378 3657 e03,
1418 3591 1513 3661 qui
1550 3588 1914 3642 haereditatem
1955 3590 2156 3658 capient
2192 3587 2378 3641 salutis
2394 3583 2433 3639 ².

149 3671 316 3725 Unde
369 3674 422 3727 S.
467 3674 709 3727 Thomas
762 3674 918 3726 dicit:
977 3674 1306 3744 Mysterium
1348 3675 1753 3727 Incarnationis
1811 3680 1893 3727 est
1943 3673 2207 3744 generale
2262 3670 2434 3743 quod-

151 3756 276 3809 dam
317 3759 668 3830 principium,
711 3759 782 3812 ad
822 3760 969 3830 quod
1010 3761 1315 3831 respiciunt
1354 3778 1545 3814 omnes
1579 3765 1634 3813 et
1662 3760 2011 3830 Angelorum
2053 3764 2108 3813 et
2148 3758 2433 3812 hominum

306 3934 318 3959 ¹
357 3934 518 3982 Hebr.
562 3937 636 3995 12,
676 3937 888 3983 22—23.
1073 3934 1090 3962 ²
1127 3935 1288 3985 Hebr.
1330 3938 1370 3996 1,
1416 3937 1488 3983 14.
