2548 4290
190 176 435 219 Comment.
467 175 592 217 VIII.
648 175 728 218 SS.
760 176 993 217 Pontificis
1025 177 1339 232 infallibilitas,
1372 191 1476 218 num
1510 180 1772 234 personalis,
1805 185 2008 234 separata
2041 186 2122 221 etc.
2185 182 2284 232 185

33 324 41 344 ⁹
72 319 197 373 fidei
247 318 602 386 christianae,
654 336 710 371 se
762 318 1000 371 habeant
1050 319 1116 371 ad
1158 320 1364 390 Papam
1422 338 1517 389 pro
1573 321 1824 373 universa
1864 322 2109 374 Ecclesia
2160 323 2285 374 defi-

73 404 310 456 nientem
350 407 404 454 et
444 401 677 454 doctoris
716 402 1035 453 universalis
1075 420 1297 455 munere
1339 403 1658 472 fungentem
1700 409 1758 454 ut
1798 404 2046 473 discipuli
2081 404 2148 456 ad
2176 422 2285 456 ma-

70 485 334 557 gistrum?
399 485 484 537 Ita
523 490 619 538 est.
698 484 818 536 Hoc
871 486 1013 537 enim
1064 486 1295 537 innuunt
1346 487 1512 538 verba
1566 487 1764 539 Christi
1816 488 1885 539 ad
1925 488 2182 553 Petrum,
2235 493 2288 540 et

69 569 287 622 nomina
341 568 532 619 iudicis
587 568 856 637 supremi,
920 568 1152 620 doctoris
1206 570 1559 636 universalis,
1625 571 1853 639 pastoris
1912 572 2075 623 totius
2132 571 2286 623 ovilis

73 652 288 706 Christi.
350 651 589 703 Proinde
631 652 793 703 etiam
834 651 934 703 hac
978 669 1047 704 ex
1088 653 1242 720 parte
1285 652 1555 704 claudicat
1594 654 1888 706 similitudo
1930 654 2193 720 adduc-ta3
2236 659 2288 705 et

25 727 28 729 ’
70 735 454 804 consequentia
495 734 562 786 de
602 735 924 786 necessitate
966 735 1174 787 consilii
1213 735 1607 805 Episcoporum
1648 737 1899 788 concidit.

219 858 263 884 „.
306 858 316 868 .
360 858 370 869 .
413 817 521 869 Sed
551 816 727 869 denuo
768 818 970 869 instant
1012 824 1065 869 et
1102 818 1313 869 dicunt:
1356 818 1477 871 Hoc
1516 837 1704 871 verum
1747 827 1826 871 est
1866 826 1987 890 post
2026 820 2224 872 factam
2258 838 2288 871 a

70 903 223 971 Papa
263 901 633 952 definitionem
674 900 996 965 solemnern3
1047 906 1175 952 tunc
1227 903 1414 971 utique
1455 920 1562 954 non
1613 903 1950 956 solummodo
1990 904 2141 969 laici,
2194 903 2287 955 sed

70 986 233 1039 etiam
273 984 580 1036 sacerdotes
621 990 674 1036 et
701 984 960 1053 Episcopi
1001 989 1254 1036 tenentur
1295 1003 1350 1037 se
1392 985 1708 1038 submittere
1739 988 2048 1039 auctoritati
2088 986 2287 1039 infalli-

70 1068 164 1122 bili
191 1068 404 1137 Papae3
446 1066 540 1119 sed
567 1067 669 1118 hoc
710 1085 817 1119 non
857 1068 1003 1119 valet
1043 1075 1167 1120 ante
1210 1068 1405 1119 factam
1444 1068 1840 1133 definitione1n3
1885 1070 1952 1121 ad
1993 1070 2156 1124 talem
2198 1070 2288 1122 de-

68 1151 367 1205 finitionem
421 1149 725 1202 faciendam
767 1150 970 1202 debent
1023 1168 1344 1203 concurrere
1384 1152 1656 1221 Episcopi.
1735 1153 1875 1204 Nam
1928 1154 2005 1217 (et
2056 1154 2156 1205 hoc
2210 1160 2290 1204 est

71 1236 286 1289 axioma
323 1234 676 1299 secundum),
733 1234 889 1285 sicuti
928 1234 1187 1304 Episcopi
1235 1235 1370 1286 nihil
1421 1242 1646 1305 possunt
1686 1237 1740 1286 in
1781 1236 2123 1305 dogmatibus
2164 1253 2288 1288 con·
2357 1257 2362 1261 ¹

69 1317 259 1371 dendis
298 1317 631 1385 sine‘Papa,
684 1317 757 1368 ita
797 1335 897 1369 nec
938 1317 1092 1387 Papa
1131 1319 1245 1369 sine
1286 1318 1586 1388 Episcopis.
1665 1319 2021 1388 Inspiciamus
2062 1337 2177 1371 rem
2218 1336 2287 1371 ex

69 1408 298 1471 utraque
324 1406 494 1469 parte.
537 1400 795 1470 Episcopi
823 1402 879 1452 in
909 1400 1251 1469 dogmatibus
1280 1402 1405 1454 fidei
1435 1402 1732 1454 condendis
1761 1403 1892 1453 nihil
1921 1409 2146 1471 possunt
2174 1404 2288 1454 sine

70 1487 238 1555 Papa.
290 1485 411 1537 Hoc
451 1502 640 1537 verum
681 1492 786 1549 est3
829 1502 955 1536 nam
996 1485 1214 1537 decreta
1257 1485 1322 1537 de
1364 1486 1468 1537 fide
1511 1487 1673 1537 etiam
1702 1504 1732 1537 a
1763 1486 2004 1538 Concilio
2046 1485 2291 1555 generali

68 1570 216 1623 edita
255 1569 565 1620 infallibilia
606 1574 660 1620 et
698 1568 853 1619 firma
893 1586 1001 1620 non
1042 1574 1182 1633 sunt,
1224 1570 1326 1620 nisi
1367 1569 1571 1621 fuerint
1611 1570 1925 1622 confirmata
1965 1588 1995 1621 a
2034 1571 2202 1639 Papa.

218 1652 427 1719 „Causa
466 1652 624 1704 huius
664 1654 742 1704 rei
782 1670 890 1704 non
932 1670 995 1704 ea
1037 1660 1133 1718 est,
1175 1671 1312 1722 quae
1354 1671 1423 1705 ex
1463 1654 1564 1705 hoc
1593 1654 1824 1706 ambone
1854 1654 2157 1723 aliquoties,
2200 1653 2291 1705 do-

67 1737 185 1789 lens
238 1736 385 1802 dioc,
437 1736 675 1787 indicata
714 1735 842 1800 fuit,
896 1736 1128 1802 scilicet,
1182 1753 1243 1788 ac
1296 1738 1338 1788 si
1390 1738 1561 1789 omnis
1615 1737 1971 1789 infallibilitas
2012 1737 2290 1788 Ecclesiae

68 1821 137 1872 sit
175 1821 277 1872 sita
326 1820 382 1871 in
433 1819 546 1871 solo
588 1819 741 1889 Papa
793 1826 846 1871 et
887 1837 917 1871 a
957 1820 1110 1889 Papa
1162 1820 1438 1872 derivetur
1489 1821 1542 1871 in
1584 1821 1886 1872 Ecclesiam
1939 1827 1991 1872 et
2030 1821 2109 1871 illi
2150 1837 2292 1871 com-

68 1904 389 1956 municetur.
469 1903 591 1954 Hoc
633 1902 849 1970 quidem
893 1904 1046 1954 iuxta
1087 1903 1498 1956 celeberrimum
1542 1903 1815 1972 quoddam
1867 1910 2101 1973 systema
2141 1904 2292 1955 theo-

69 1987 308 2056 logicum
350 1992 528 2056 potest
568 1986 674 2037 dici
715 1986 781 2038 de
821 1986 1226 2051 iurisdictione3
1269 2005 1394 2038 nam
1434 1992 1628 2038 natura
1667 1987 2049 2038 iurisdictionis
2092 2004 2155 2039 00
2196 1993 2292 2051 est,

68 2075 127 2123 ut
167 2070 362 2139 possit,
413 2070 520 2121 imo
574 2069 771 2121 debeat
821 2070 939 2121 aliis
992 2071 1393 2122 communicari.
1473 2070 1757 2130 Quomodo
1812 2089 1939 2123 vero
1996 2070 2293 2121 infallibili-

67 2159 149 2206 tas
189 2159 367 2224 potest
407 2153 829 2205 communicari?
882 2153 1002 2205 Hoc
1030 2171 1138 2205 non
1178 2154 1423 2221 intelligo
1447 2153 1478 2207 ¹.
1532 2154 1679 2206 Vera
1720 2155 1872 2220 ratio,
1915 2172 2007 2205 cur
2035 2154 2292 2222 Episcopi

71 2238 236 2289 etiam
275 2238 331 2288 in
360 2236 602 2289 Concilio
644 2236 888 2305 generali
931 2238 1248 2305 congregati
1288 2238 1403 2289 sine
1434 2238 1585 2307 Papa
1625 2239 1679 2288 in
1720 2238 1880 2289 rebus
1918 2237 2045 2289 fidei
2087 2243 2141 2288 01
2182 2254 2292 2288 1110·

69 2339 188 2373 rum
242 2339 351 2372 non
405 2321 512 2371 sint
566 2319 910 2385 infallibiles,
967 2338 1038 2372 ex
1091 2338 1153 2371 00
1195 2321 1495 2389 repetenda
1537 2326 1642 2386 est,
1686 2321 1829 2390 quod
1869 2320 2115 2372 Christus
2154 2321 2293 2371 hanc

68 2404 514 2456 infallibilitatem
573 2404 670 2455 toti
711 2403 990 2455 Ecclesiae
1044 2404 1384 2471 magisteriO,
1444 2404 1497 2455 id
1541 2411 1620 2455 est
1659 2405 1935 2472 Apostolis
1976 2404 2134 2455 simul
2174 2421 2292 2454 cum

72 2488 256 2554 Petro,
298 2488 604 2556 promiserit
641 2485 894 2539 dicens22
936 2487 1044 2556 qu
1072 2487 1317 2539 vobiscum
1360 2506 1476 2540 snm
1515 2506 1669 2557 usque
1708 2488 1777 2538 ad
1815 2489 2294 2540 consummationem

71 2572 295 2637 saeculi;
348 2571 471 2623 ideo
513 2570 771 2639 Episcopi
812 2571 946 2621 nihil
987 2578 1212 2640 possunt
1253 2572 1365 2623 sine
1406 2571 1573 2640 Papa.
1626 2573 1716 2622 An
1757 2577 1937 2623 autem
1978 2571 2175 2623 iudicio
2217 2572 2294 2622 in-

70 2672 227 2707 verso
267 2654 422 2722 Papa
460 2653 596 2704 nihil
636 2653 803 2722 possit
843 2654 957 2705 sine
999 2654 1324 2724 Episcopis‘?
1394 2655 1546 2706 Haec
1586 2654 1822 2706 inversio
1861 2655 1995 2705 nihil
2036 2659 2132 2718 est,
2175 2671 2295 2704 cum

73 2737 319 2790 Christus
358 2737 458 2789 soli
497 2737 663 2789 Petro
706 2736 933 2788 dixerit:
997 2737 1078 2788 Tu
1133 2755 1181 2789 es
1220 2738 1402 2789 Petrus
1423 2737 1458 2790 3.
1503 2779 1512 2789 .
1557 2779 1566 2789 .
1638 2737 1797 2790 Oravi
1825 2755 1925 2805 pro
1971 2743 2041 2803 te,
2092 2743 2147 2788 ut
2195 2755 2296 2788 non

71 2821 273 2890 deficiat
292 2820 431 2888 fides
468 2826 559 2872 tua
579 2820 615 2871 ⁴.

221 2904 362 2970 „Sed
405 2903 582 2956 denuo
623 2905 827 2956 instant
867 2911 920 2956 et
960 2904 1146 2955 dicunt
1188 2903 1265 2971 (et
1305 2904 1405 2955 hoc
1447 2909 1527 2955 est
1566 2904 1784 2956 tertium
1827 2904 2096 2969 axioma):
2155 2902 2293 2955 Con-

74 2989 249 3041 sensio
292 2988 644 3040 ecclesiarum
687 2993 767 3039 est
806 2988 996 3055 regula
1035 2986 1178 3051 fidei,
1221 3005 1380 3056 quam
1422 2989 1584 3038 etiam
1625 2987 1778 3056 Papa
1819 2988 1969 3055 sequi
2011 2986 2199 3048 debet3
2243 2993 2297 3038 et

74 3071 304 3141 proinde
359 3070 522 3123 debet
575 3075 700 3122 ante
744 3071 1117 3122 definitionem
1172 3070 1452 3122 consulere
1511 3075 1747 3122 rectores
1800 3070 2181 3134 ecclesiarum,
2237 3076 2296 3120 ut

74 3159 251 3206 certus
290 3155 358 3206 sit
398 3154 465 3206 de
508 3155 860 3206 consensione
890 3153 1256 3205 ecclesiarum.
1317 3152 1674 3222 Respondeo:
1716 3152 1825 3205 Res
1853 3154 1961 3204 iam
1990 3153 2057 3203 ad
2085 3152 2296 3203 triarios

13 3298 18 3301 q
76 3237 313 3304 devenit,
354 3243 409 3289 et
449 3243 701 3289 accurate
744 3236 1187 3303 distinguendum
1231 3244 1310 3288 est
1350 3237 1491 3287 inter
1521 3254 1706 3288 verum
1750 3242 1803 3288 et
1845 3236 2056 3300 falsum,
2098 3253 2165 3287 ne
2205 3253 2297 3303 pa-

73 3320 270 3372 tiamur
310 3319 657 3389 naufragium
709 3321 764 3371 in
818 3327 996 3389 portU.
1075 3320 1280 3371 Verum
1325 3326 1432 3384 est,
1486 3319 1629 3388 quod
1671 3319 1822 3388 Papa
1866 3320 1921 3369 in
1962 3319 2069 3370 suis
2111 3317 2297 3369 defini·

74 3403 310 3456 tionibus
339 3422 408 3455 ex
437 3403 711 3456 Cathedra
740 3404 956 3455 eosdem
990 3403 1153 3455 habet
1181 3403 1375 3468 fonteS,
1417 3403 1601 3472 quales
1631 3403 1793 3454 habet
1819 3402 2079 3466 Ecclesia,
2123 3401 2300 3470 Scrip-

74 3491 252 3538 turam
293 3492 347 3538 et
385 3487 750 3539 traditionem.
804 3487 1010 3538 Verum
1041 3492 1136 3547 est,
1179 3486 1324 3554 quod
1365 3486 1644 3537 consensio
1687 3485 2102 3554 praedicationis
2145 3501 2297 3553 prae-

76 3570 241 3621 sentis
290 3570 453 3620 totius
504 3570 801 3637 magisterii
848 3568 1123 3621 Ecclesiae
1176 3569 1358 3620 unitae
1414 3586 1534 3619 cum
1586 3569 1762 3637 capite
1814 3568 1880 3618 sit
1930 3567 2119 3635 regula
2171 3566 2297 3618 fidei

79 3651 242 3703 etiam
285 3669 380 3719 pro
424 3651 828 3704 definitionibus
870 3651 1164 3703 Pontificis.
1219 3652 1320 3702 Ast
1361 3652 1560 3703 exinde
1597 3651 1746 3702 nullo
1788 3650 1946 3702 modo
1990 3654 2167 3719 potest
2207 3650 2299 3701 dc-

226 3830 240 3857 ¹
278 3831 374 3878 Sed
412 3832 475 3878 cf.
513 3831 646 3878 infra
681 3848 725 3893 p.
757 3833 845 3878 189
874 3848 945 3894 sq.
1127 3831 1142 3857 ²
1179 3833 1358 3879 Matth.
1397 3835 1473 3892 28,
1511 3835 1588 3880 20.
1768 3833 1783 3858 3
1822 3833 2003 3879 Matth.
2044 3833 2117 3891 10,
2162 3833 2233 3878 18.

223 3905 242 3932 ¹*
277 3906 400 3954 Luc.
435 3908 512 3966 22,
552 3909 627 3953 32.
