2548 4290
176 197 283 250 230
368 198 480 239 Pars
513 197 572 238 ΙΙ.
620 195 775 238 Const.
814 196 869 238 de
901 197 1025 239 Eccl.
1094 195 1205 251 Cap.
1239 197 1322 238 III.
1367 197 1476 252 Ipsa
1511 195 1706 239 Constit.
1741 210 1845 239 cum
1878 197 2267 241 adnotationibus.

175 345 490 417 potestatis3
532 349 627 397 aut
667 344 809 398 hanc
851 344 969 398 eius
1009 349 1346 416 potestatem
1385 363 1498 398 non
1539 363 1658 398 esse
1701 344 2035 398 ordinariam
2077 350 2133 399 et
2160 345 2443 402 immedia-

175 429 322 484 tam1
364 430 478 483 sive
518 430 575 482 in
629 447 819 482 omnes
860 447 923 483 ao
975 430 1222 499 singulas
1276 430 1567 496 ecclesiaS,
1619 430 1734 483 sive
1775 430 1832 482 in
1874 448 2064 484 omnes
2106 436 2161 484 et
2201 433 2445 504 singulos

176 520 424 587 pastores
464 519 519 568 et
559 514 785 582 fideles3
828 515 1126 568 anathema
1167 515 1253 567 sit.

1109 677 1367 731 CAPUT
1409 677 1508 731 IV.

748 795 807 840 De
841 794 1021 840 Romani
1052 794 1275 841 Pontificis
1308 795 1532 841 infallibili
1563 794 1816 854 magisterio
1835 797 1867 840 ².

324 895 420 965 [1.]
464 896 591 967 Ipso
621 902 807 950 autem
837 897 1164 967 Apostolico
1196 897 1452 966 primata,
1496 914 1661 967 quem
1690 895 1976 951 Romanus
2004 898 2271 952 Pontifex
2313 905 2447 953 tam-

176 998 340 1051 quam
370 982 522 1034 Petri
553 982 815 1053 principis
845 982 1244 1053 Apostolorum
1274 1000 1558 1036 successor
1589 984 1645 1035 in
1674 983 1989 1036 universam
2018 984 2324 1039 Ecclesiam
2354 986 2449 1040 ob-

174 1067 330 1135 tinet,
350 1085 666 1139 supremam
687 1087 907 1139 quoque
931 1069 1235 1138 magisterii
1257 1073 1590 1140 potestatem
1616 1068 2013 1141 comprehendi
2029 1068 2066 1137 3,
2090 1071 2225 1125 haec
2247 1072 2450 1126 Sancta

176 1152 348 1206 Sedes
400 1172 618 1222 semper
675 1155 886 1216 tenuit,
942 1160 1247 1224 perpetuus
1288 1153 1574 1207 Ecclesiae
1627 1173 1757 1207 usus
1810 1156 2161 1227 comprobat,
2218 1158 2449 1229 ipsaque

174 1298 440 1362 plenItudo
477 1298 771 1362 potestatis.
821 1297 975 1358 (Ibid.
1026 1296 1082 1347 C.
1119 1298 1180 1346 V.
1219 1299 1373 1346 370a.
1414 1300 1508 1345 472
1529 1299 1575 1346 d.
1625 1298 1703 1347 Cf.
1743 1315 1900 1363 supra
1941 1316 1988 1362 p.
2026 1301 2121 1348 223
2141 1299 2195 1360 ¹.)
2266 1300 2451 1365 Neque

174 1376 252 1425 his
291 1376 547 1425 deciditur
585 1377 820 1439 quaestio
871 1376 933 1425 de
979 1376 1124 1425 fonte
1161 1376 1534 1424 iurisdictionis
1573 1377 1976 1440 Episcoporum,
2030 1394 2181 1439 „num
2218 1382 2448 1441 potestas

173 1455 563 1516 iurisdictionis,
602 1471 733 1518 quae
772 1458 850 1503 est
888 1455 939 1502 in
977 1455 1264 1518 Episcopis,
1304 1456 1568 1503 derivetur
1604 1456 1901 1504 immediate
1938 1473 1968 1505 a
2004 1457 2132 1518 Deo,
2171 1472 2237 1505 an
2275 1458 2450 1506 imme—

175 1534 312 1582 diate
350 1550 380 1582 a
417 1533 625 1582 Summo
662 1533 930 1582 Pontifice.
1003 1534 1086 1581 Illi
1133 1534 1271 1582 inter
1315 1534 1599 1583 catholicos
1649 1534 1947 1598 theologos,
1999 1536 2086 1598 qui
2132 1539 2446 1599 potestatem

173 1612 544 1660 iurisdictionis
593 1611 888 1660 immediate
935 1628 964 1659 a
1000 1612 1109 1660 Deo
1150 1612 1375 1660 derivari
1422 1616 1688 1669 asserunt,
1742 1628 1852 1662 eam
1903 1617 2076 1662 tamen
2114 1614 2321 1673 dicunt,
2376 1614 2452 1662 uti

174 1705 268 1752 par
307 1694 413 1750 est,
464 1706 494 1738 a
529 1690 639 1737 Deo
678 1689 905 1737 conferri
955 1706 1070 1737 cum
1119 1706 1244 1738 vera
1282 1694 1333 1738 et
1380 1690 1535 1753 plena
1583 1690 1930 1753 dependentia
1966 1707 1996 1739 a
2033 1691 2239 1739 Summo
2279 1691 2456 1739 Ponti-

173 1765 317 1816 fice“.
365 1767 589 1828 (Relatio
630 1771 727 1815 eto.
777 1767 832 1816 C.
860 1767 922 1816 V.
952 1770 1046 1816 472
1063 1784 1104 1816 o.
1156 1767 1233 1816 Cf.
1260 1768 1464 1816 Relatio
1494 1772 1589 1816 etc.
1639 1767 1694 1817 C.
1733 1768 1796 1817 V.
1828 1769 1923 1816 357
1940 1769 1985 1817 d.
2025 1769 2119 1816 359
2136 1784 2180 1817 a.
2207 1770 2254 1818 b.
2286 1795 2348 1801 —
2375 1769 2454 1818 De

174 1846 327 1894 huius
353 1846 502 1893 incisi
528 1845 746 1894 historia
772 1846 945 1907 agitur
983 1850 1230 1894 accurate
1257 1862 1413 1908 supra
1449 1862 1558 1909 cap.
1587 1846 1657 1894 II.
1697 1851 1971 1895 comment.
2000 1845 2091 1895 VI.
2121 1863 2169 1910 p.
2200 1848 2290 1895 157
2320 1846 2455 1910 sqq.)

326 1924 341 1951 ¹
378 1923 442 1972 V.
480 1924 868 1972 adnotationem
899 1924 963 1972 ad
992 1924 1200 1972 schema
1236 1925 1536 1986 pristinum:
1582 1924 1805 1987 „Papam
1832 1924 2057 1974 mediate
2093 1929 2282 1974 tantum
2310 1940 2456 1988 prae-

176 2019 287 2052 esse
326 2003 582 2051 dominico
620 2000 818 2065 gregi“,
871 2003 944 2050 ait
980 2003 1239 2065 Zallinger
1278 2003 1451 2051 Instit.
1485 2003 1582 2051 iur.
1621 2003 1819 2052 Eccles.
1858 2003 1891 2051 l.
1935 2005 1975 2051 1.
2026 2003 2106 2053 tit.
2142 2005 2221 2052 30.
2262 2003 2285 2064 ξ
2323 2005 2453 2064 508.,

179 2098 303 2142 „nec
339 2097 492 2143 posse
530 2081 628 2129 nisi
667 2081 911 2144 supplere
950 2081 1210 2129 defectum
1249 2086 1516 2145 pastorum
1555 2082 1875 2143 inferiorum,
1915 2082 2274 2145 apertissimus
2312 2098 2458 2131 error

176 2163 253 2208 est
291 2176 356 2208 ex
394 2159 649 2208 damnatis
687 2159 906 2208 haustus
945 2160 1263 2221 auctoribuS,
1301 2176 1486 2222 nempe
1522 2160 1679 2208 Marc.
1718 2160 1840 2209 Ant.
1881 2161 1943 2209 de
1977 2160 2195 2221 Domin.‚
2233 2160 2458 2223 Richer.,

175 2238 414 2297 Febron.‚
455 2238 665 2300 Eybel.;
708 2252 854 2285 error
894 2241 971 2286 est
1008 2238 1283 2287 manifeste
1318 2253 1617 2301 repugnans
1656 2239 1826 2287 verbis
1866 2243 1917 2287 et
1955 2238 2225 2286 sententiis
2263 2237 2458 2287 Christi

176 2316 463 2363 Primatum
502 2316 826 2364 instituentis
862 2316 914 2364 in
953 2320 1216 2379 potestate
1255 2316 1303 2365 S.
1329 2316 1487 2364 Petro
1526 2332 1799 2376 concessa3
1839 2331 1983 2364 error
2020 2331 2317 2379 repugnans
2355 2320 2458 2365 tra-

176 2394 358 2442 ditioni
396 2398 445 2442 et
482 2394 599 2441 usui
635 2398 922 2456 perpetu03
962 2410 1257 2457 repugnans
1296 2394 1526 2442 Concilio
1566 2395 1895 2443 oecumenico
1935 2395 2207 2442 Lateransi
2233 2394 2325 2442 IV.
2367 2432 2376 2442 .
2407 2433 2416 2442 .
2445 2434 2455 2443 .

177 2472 335 2534 ,Nihil
371 2473 423 2519 in
459 2472 630 2521 verbis
670 2471 864 2520 Christi
903 2472 1271 2535 distinguitur,
1309 2473 1437 2520 nihil
1477 2472 1749 2535 excipitur,
1789 2473 1945 2520 Petro
1995 2473 2305 2534 imperatum
2343 2470 2458 2532 est‚‘

174 2550 345 2614 inquit
381 2550 623 2598 Bossuet.
662 2550 821 2598 Serm.
861 2550 924 2597 de
960 2551 1089 2598 unit.
1128 2551 1354 2611 Eccles.,
1394 2554 1469 2612 ,ut
1507 2554 1697 2599 cuncta
1739 2552 2082 2613 gubernaret,
2134 2554 2184 2598 et
2221 2554 2456 2613 pasceret

177 2644 370 2689 omnes,
409 2643 570 2690 agnos
609 2631 660 2676 et
690 2643 827 2688 oves,
866 2627 998 2676 filios
1027 2633 1077 2676 et
1110 2633 1320 2690 matres,
1360 2633 1411 2677 et
1448 2629 1586 2691 ipsos
1625 2644 1832 2691 quoque
1869 2631 2120 2692 pastores,
2161 2626 2455 2691 [pastores,]

175 2707 413 2770 inquam,
465 2706 506 2754 si
542 2706 721 2769 populi
760 2706 1134 2768 respiciantur,
1173 2722 1323 2768 oves,
1364 2708 1403 2753 si
1442 2707 1599 2755 Petro
1639 2704 2012 2755 conferantur.‘
2051 2744 2061 2754 .
2101 2745 2110 2754 .
2151 2745 2161 2755 .
2235 2706 2461 2768 Quaero,

177 2785 300 2848 quid
337 2785 581 2847 Episcopi
616 2785 786 2848 prius,
834 2785 956 2845 quid
1004 2786 1383 2846 immediatius,
1439 2785 1562 2847 quid
1610 2785 1824 2848 propius
1861 2781 2203 2847 acceperint.“
2280 2783 2359 2845 (C.
2395 2784 2458 2833 V.

178 2865 315 2912 6350
342 2880 414 2926 sq.
451 2890 510 2894 —->
538 2863 601 2911 V.
640 2863 762 2912 ibid.
802 2863 1012 2911 decreta
1049 2863 1328 2926 pontificia,
1370 2864 1556 2927 quibus
1596 2863 1856 2912 sententia
1891 2878 2088 2911 canone
2127 2863 2319 2911 reiecta
2356 2861 2456 2911 iam

176 2946 331 2991 antea
367 2940 830 3004 proscribebatur.)

328 3019 344 3047 ²
387 3021 443 3067 In
482 3020 746 3068 schemate
783 3019 1029 3069 Patribus
1067 3020 1334 3083 proposito
1373 3020 1641 3083 inscriptio
1681 3020 1878 3068 fuerat:
1927 3020 2032 3080 „De
2069 3018 2289 3067 Romani
2326 3018 2460 3066 Pon-

178 3097 328 3147 tificis
366 3094 788 3153 infallibilitate“‚
839 3098 928 3160 qui
967 3098 1151 3146 titulus
1189 3098 1367 3146 multis
1405 3098 1650 3147 Patribus
1687 3098 1857 3146 minus
1905 3097 2115 3160 placuit.
2187 3096 2462 3156 (Emenda-

177 3177 344 3224 tiones
383 3181 478 3224 etc.
552 3175 606 3224 C.
644 3176 706 3223 V.
746 3178 882 3223 3720
922 3175 1054 3239 sqq.)
1094 3202 1155 3207 ——
1195 3177 1382 3240 Itaque
1421 3179 1653 3225 mutatus
1693 3179 1787 3237 est,
1831 3173 2049 3238 „quod“,
2088 3178 2146 3222 ut
2184 3174 2256 3221 ait
2292 3174 2460 3221 Brixi-

178 3255 351 3302 nensis
388 3254 585 3316 Episc.,
639 3254 938 3316 „inscriptio
978 3253 1050 3301 De
1086 3253 1302 3301 Romani
1338 3253 1590 3315 Pontifices
1640 3254 1998 3315 infallibilitate
2044 3267 2195 3301 versa
2232 3252 2283 3299 in
2333 3251 2460 3300 alias

178 3333 380 3393 linguas
416 3347 792 3394 nonnunquam
843 3348 1050 3380 sensum
1089 3347 1192 3379 non
1228 3333 1513 3395 genuinum
1552 3332 1852 3393 exhiberet3
1902 3330 1973 3379 sic
2011 3346 2056 3378 v.
2095 3345 2144 3391 g.
2181 3330 2232 3376 in
2281 3329 2458 3392 lingua

177 3411 473 3473 germanica
519 3410 673 3458 facile
719 3411 849 3458 haec
895 3426 999 3458 vox
1046 3418 1221 3473 posset
1269 3411 1517 3458 confundi
1568 3427 1681 3458 cum
1733 3405 2215 3473 impeccabilitate“.
2290 3408 2462 3468 (Rela-

179 3489 251 3537 tio
287 3492 382 3536 etc.
456 3487 509 3536 C.
547 3488 609 3537 V.
649 3490 743 3537 406
762 3488 825 3548 o.)

329 3565 344 3593 3
382 3566 659 3629 Proposita
696 3572 807 3615 erat
844 3567 1063 3615 mutatio
1101 3567 1255 3614 huius
1295 3567 1611 3628 sententiae,
1660 3582 1751 3627 ne,
1802 3566 1844 3613 si
1880 3565 2225 3613 infallibilitas
2264 3564 2458 3613 Summi

180 3644 445 3692 Pontifiois
484 3661 547 3692 ex
598 3646 708 3693 eius
745 3645 980 3693 Primatu
1018 3647 1364 3708 probaretur,
1420 3645 1645 3693 circulus
1684 3644 1865 3693 adesse
1902 3643 2183 3692 videretur.
2254 3643 2460 3703 (Emen-

181 3722 415 3770 dationes
468 3727 564 3772 etc.
637 3722 692 3772 C.
730 3723 792 3771 V.
831 3722 1010 3781 374d.)
1084 3723 1145 3771 Id
1196 3724 1442 3786 reprobat
1493 3722 1844 3785 deputationis
1890 3722 2110 3769 relator:
2168 3720 2329 3781 „Nam
2365 3735 2461 3768 nos

181 3798 531 3862 deducimus“,
568 3802 767 3864 inquit,
826 3817 919 3862 „ex
956 3800 1191 3849 Primatu
1230 3817 1525 3864 supremam
1562 3804 1876 3863 potestatem
1916 3799 2161 3860 docendi,
2212 3807 2457 3861 tanquam

182 3878 401 3938 speciem
440 3894 470 3925 a
507 3894 599 3926 suo
636 3894 844 3941 genere,
883 3881 933 3926 et
972 3893 1035 3926 ex
1074 3894 1317 3940 suprema
1354 3881 1616 3941 potestate
1648 3877 1882 3938 docendi,
1921 3880 2162 3938 respectu
2189 3876 2366 3925 habito
2393 3875 2458 3923 ad

180 3952 333 4001 finem
368 3954 522 4015 illius,
564 3957 652 4019 qui
689 3960 767 4004 est
805 3955 1129 4004 conservatio
1168 3955 1385 4003 unitatis
1418 3956 1471 4002 in
1507 3955 1621 4016 fide,
1663 3959 1714 4003 et
1751 3954 1815 4003 ad
1853 3954 2217 4016 promissiones
2246 3951 2454 4011 Christi,

183 4030 484 4079 deducimus
520 4031 990 4083 infallibilitatem.“
1069 4032 1146 4092 (C.
1184 4033 1246 4082 V.
1285 4035 1379 4080 409
1397 4032 1464 4090 a.)
