2548 4290
188 88 296 139 202
361 89 475 130 Pars
508 87 567 129 11.
626 85 782 128 Const.
816 85 872 127 de
903 86 1028 127 Eccl.
1095 85 1205 140 Cap.
1238 85 1298 126 ΙΙ.
1356 84 1776 127 Commentationes
1811 86 1866 129 de
1898 87 2134 142 aliquibus
2166 89 2296 132 locis.

336 236 695 291 Discussione
735 236 963 306 speciali
1004 235 1071 288 de
1111 240 1307 305 quarto
1349 235 1529 305 capite
1571 234 1660 288 die
1701 237 1751 290 4.
1794 235 1924 287 Iulii
1977 236 2238 289 conclusa
2277 254 2462 291 emen-

188 324 439 377 dationes
480 341 512 375 a
552 320 814 375 Patribus
863 320 1182 391 propositae
1236 320 1586 391 deputationi
1635 339 1736 391 pro
1777 320 1943 374 rebus
1990 321 2061 374 ad
2101 320 2268 374 fidem
2308 340 2462 393 spec-

187 408 432 462 tantibus
473 406 856 460 tradebantur.
935 406 1002 458 In
1054 405 1335 459 nonnullis
1389 422 1462 458 ex
1502 404 1755 459 formulis
1808 407 2107 478 propositis
2159 406 2328 460 verba
2367 408 2463 462 illa

194 499 489 563 „tanquam
543 492 611 545 de
652 491 795 545 fide“
840 496 1060 544 retenta
1082 490 1117 558 ¹,
1168 491 1226 543 in
1267 490 1388 543 aliis
1430 490 1616 544 deleta
1655 497 1784 544 sunt
1805 490 1843 559 ²,
1896 492 1953 544 in
1994 492 2116 545 aliis
2158 493 2326 546 etiam
2367 493 2462 546 ad·
2538 479 2546 483 -

187 584 439 632 notatum
473 583 572 645 est,
613 577 785 630 verba
813 576 1062 630 tollenda
1091 594 1229 645 esse,
1273 594 1343 630 ne
1375 577 1654 630 obiectum
1682 577 2097 631 infallibilitatis
2125 584 2405 632 coartetur
2424 576 2463 634 3.
2541 571 2543 573 ’

187 663 343 716 Inter
385 680 650 730 canones,
694 663 788 733 qui
829 662 1315 732 proponebantur,
1372 680 1514 714 unus
1556 667 1638 715 est
1656 661 1695 729 4,
1750 663 1808 716 in
1849 681 2013 734 quem
2053 669 2282 735 recepta
2321 669 2464 732 sunt,

188 749 244 801 in
275 748 529 802 omnibus
563 748 684 800 aliis
727 747 926 800 desunt
950 748 988 801 5.
1043 747 1203 800 Unus
1245 764 1317 800 ex
1345 747 1608 801 Patribus
1649 748 1844 818 poscit,
1884 753 1946 802 ut
1987 748 2192 802 diserte
2234 749 2465 815 dicatur,

188 835 415 888 Summo
457 834 717 887 Pontifici
759 833 1135 886 obedientiam
1176 832 1370 886 deberi
1410 835 1745 905 proponenti
1787 834 1953 887 etiam
1995 852 2087 902 ea,
2130 853 2272 905 quae
2311 835 2368 887 in
2408 852 2466 888 se
2537 820 2545 824 ”

187 921 435 974 revelata.
475 938 586 973 non
627 924 754 972 sunt
774 917 811 973 5.
890 918 1070 986 Alius,
1115 923 1176 971 ut
1218 918 1543 986 definiatur,
1584 919 1798 990 Papam
1840 920 1896 972 in
1937 919 2097 973 factis
2138 920 2465 990 dogmaticis

190 1005 519 1059 definiendis
560 1004 915 1057 infallibilem
958 1022 1075 1057 esse
1099 1003 1135 1056 ⁷.

339 1091 644 1161 Deputatio
685 1090 862 1143 tribus
904 1089 1099 1143 diebus
1142 1090 1419 1143 continuis
1462 1089 1535 1158 (7.
1580 1093 1629 1144 8.
1675 1094 1722 1145 9.
1766 1091 1920 1159 Iulii)
1964 1091 2252 1145 diuturnas
2294 1096 2350 1145 et
2387 1092 2466 1145 la-

188 1178 336 1231 boris
379 1178 571 1248 plenas
609 1178 880 1230 sessiones
922 1176 1144 1243 habuit,
1186 1182 1248 1229 ut
1287 1195 1478 1230 omnes
1520 1177 1940 1232 emendationes
1981 1179 2037 1231 in
2077 1180 2343 1232 trutinam
2382 1196 2467 1232 re-

187 1269 430 1318 vocaret.
511 1263 696 1324 Quum
750 1263 819 1315 ad
873 1281 964 1315 eas
1016 1268 1349 1333 perventum
1392 1269 1563 1329 esset,
1621 1263 1820 1335 quibus
1863 1263 1930 1317 de
1971 1265 2094 1336 ipsa
2135 1265 2467 1318 definitionis

186 1349 429 1404 formula
480 1349 777 1420 agebatur,
837 1349 1096 1401 examine
1154 1349 1607 1402 emendationum
1661 1350 1972 1421 interrupto
2025 1350 2193 1403 Effius
2233 1351 2468 1404 Praeses

188 1437 419 1502 monuit,
461 1435 831 1489 necessarium
873 1452 1011 1499 esse,
1053 1440 1112 1486 ut
1153 1435 1379 1503 PatreS,
1423 1441 1723 1506 antequam
1764 1436 1939 1507 ipsam
1983 1436 2320 1490 definitionis
2359 1435 2468 1489 for-

188 1523 396 1575 mulam
438 1522 809 1588 discuterent,
864 1520 932 1574 de
976 1519 1190 1573 duobus
1233 1522 1628 1588 convenirent,
1682 1522 1860 1592 primo
1911 1521 1978 1575 de
2021 1540 2080 1575 re
2132 1521 2468 1589 definienda,

186 1607 430 1661 secundo
473 1607 542 1660 de
594 1607 833 1660 formula
886 1606 1239 1659 definitionis.
1319 1606 1515 1669 Quoad
1555 1607 1790 1678 primam
1844 1609 2226 1678 quaestionem
2279 1625 2469 1660 omnes

186 1692 636 1760 consentiebant,
689 1692 746 1744 id
785 1691 1042 1745 Romano
1083 1692 1344 1744 Pontifici
1399 1692 1721 1746 solemniter
1773 1693 2060 1747 definienti
2111 1693 2469 1747 tribuendum

189 1797 326 1846 esse,
369 1779 516 1850 quod
557 1779 608 1832 ei
652 1796 761 1830 una
802 1796 927 1830 cum
961 1777 1255 1849 Episcopis
1296 1778 1451 1831 unito
1494 1797 1592 1831 seu
1634 1778 1883 1832 Concilio
1926 1779 2283 1833 oecumenico
2327 1796 2471 1832 com--

188 1866 357 1936 petit,
415 1882 519 1917 nec
561 1865 713 1935 plus,
769 1881 871 1916 nec
916 1864 1112 1916 minus
1195 1863 1391 1925 Quoad
1432 1864 1759 1931 formulam,
1801 1883 2019 1935 omnes,
2061 1883 2171 1918 uno
2215 1869 2467 1935 excepto

188 1952 245 2004 in
286 1952 390 2003 hac
433 1957 840 2003 convenerunt:
887 1950 1235 2017 „Romanum
1278 1950 1625 2017 Pontificem,
1668 1969 1837 2021 quum
1872 1969 1943 2004 ex
1974 1950 2257 2004 Cathedra
2296 1950 2470 2021 loqui·-

185 2042 291 2104 tur,
334 2036 391 2088 id
434 2042 545 2103 est,
594 2054 763 2106 quum
805 2035 1051 2105 supremi
1094 2035 1341 2088 omnium
1384 2036 1808 2089 christianorum
1850 2038 2086 2108 pastoris
2129 2043 2184 2090 et
2227 2035 2464 2089 doctoris

188 2141 418 2175 munere
462 2122 703 2192 fungens
757 2121 1067 2174 doctrinam
1122 2121 1190 2175 de
1244 2122 1352 2174 fide
1407 2127 1463 2174 et
1504 2123 1748 2175 moribus
1805 2123 1874 2176 ab
1915 2124 2177 2176 universa
2215 2122 2466 2175 Ecclesia

185 2209 486 2262 tenendam
531 2208 756 2275 definit,
811 2226 910 2277 per
954 2208 1325 2261 assistentiam
1369 2208 1616 2262 divinam
1666 2210 1773 2280 ipsi
1825 2210 1882 2262 in
1925 2211 1975 2264 b.
2018 2210 2188 2263 Petro
2240 2208 2467 2281 promis-

185 2315 319 2359 sam,
361 2295 714 2348 infallibilem
758 2312 876 2347 esse
907 2294 977 2346 ad
1006 2312 1132 2347 eum
1167 2294 1411 2363 modum,
1455 2313 1562 2366 quo
1605 2314 1704 2366 per
1746 2296 1981 2350 eandem
2012 2296 2250 2366 Spiritus
2280 2294 2468 2348 Sancti

188 2383 559 2435 assistentiam
601 2382 657 2433 in
700 2381 956 2434 doctrina
997 2381 1065 2434 de
1108 2382 1216 2434 fide
1258 2387 1313 2435 et
1342 2382 1586 2435 moribus
1628 2382 1947 2436 definienda
1987 2381 2302 2435 infallibilia
2342 2385 2469 2434 sunt

186 2475 410 2521 sanctae
452 2467 738 2520 Ecclesiae
783 2468 1142 2521 oecumenica
1184 2467 1529 2522 Concilia.“8

338 2554 535 2624 Neque
578 2559 765 2606 tamen
809 2553 951 2605 hanc
1007 2554 1183 2623 ipsam
1226 2554 1521 2608 formulam
1572 2555 1823 2627 deputati
1866 2553 2304 2625 Congregationi
2343 2570 2468 2624 pro-

188 2641 320 2711 poni
364 2646 418 2692 et
461 2639 839 2692 commendari
880 2639 1161 2692 volebant.
1216 2639 1281 2692 In
1325 2658 1391 2693 ea
1433 2641 1850 2711 comprobanda
1889 2641 1946 2694 id
1988 2640 2167 2694 solum
2209 2637 2467 2709 agebant,

189 2732 249 2778 ut
291 2725 474 2796 quoad
515 2725 668 2777 illam
711 2725 1112 2796 quaestionem,
1156 2725 1223 2778 de
1267 2743 1375 2796 qua
1413 2730 1704 2798 tantopere
1737 2727 2078 2798 disputatum
2108 2730 2243 2790 erat,
2286 2742 2358 2776 sc.
2400 2722 2468 2776 de

188 2812 369 2877 modO,
414 2829 522 2882 quo
565 2811 845 2864 obiectum
886 2810 1300 2864 infallibilitatis
1342 2818 1887 2879 commemoraretur,
1931 2812 2311 2865 convenirent.
2371 2808 2468 2862 Se-

190 2899 382 2969 quenti
424 2898 512 2950 die
556 2898 695 2949 alius
737 2897 1011 2950 formulae
1054 2898 1122 2951 ab
1164 2898 1258 2950 illa
1299 2898 1534 2951 multum
1577 2899 1830 2952 diversae
1874 2898 2080 2951 mentio
2133 2897 2192 2949 fit
2212 2895 2249 2964 9,
2302 2900 2468 2965 atque

190 2984 414 3036 tandem
446 2984 533 3036 die
565 2985 614 3035 9.
644 2983 773 3035 Iulii
815 3001 881 3036 ea
922 2983 1161 3036 formula
1201 2986 1550 3056 proponitur,
1597 3003 1738 3056 quae
1781 2985 1849 3037 ab
1893 2983 2147 3038 omnibus
2190 2980 2469 3053 deputatis

188 3067 614 3140 comprobata10
665 3070 722 3122 in
764 3069 1213 3139 Congregatione
1256 3071 1507 3140 generali
1547 3089 1578 3123 a
1620 3071 1995 3141 deputationis
2040 3069 2280 3122 relatore
2323 3084 2468 3120 com-

188 3155 572 3208 mendabatur.
639 3155 799 3208 Haec
840 3154 1078 3208 formula
1120 3155 1188 3208 ab
1230 3156 1342 3224 illa,
1384 3174 1548 3226 quam
1591 3175 1623 3210 a
1663 3156 1945 3210 Cardinali
1988 3154 2187 3208 Cullen
2227 3154 2284 3205 in
2326 3151 2470 3205 Con-

188 3310 601 3358 aedificationem
652 3311 918 3359 doctrinae
967 3312 1281 3360 christianae
1331 3312 1720 3374 pertinientium
1773 3350 1783 3361 .
1822 3350 1832 3361 .
1874 3350 1884 3360 .
1929 3326 2103 3360 errare
2153 3325 2254 3357 non
2303 3323 2468 3372 posse,

190 3386 443 3452 ideoque“
486 3392 582 3436 etc.
651 3388 706 3437 O.
744 3389 807 3438 V.
849 3392 973 3437 1713
992 3392 1038 3438 b.

345 3466 359 3492 ¹
398 3466 707 3514 Emendatio
747 3469 825 3514 33.
865 3469 944 3514 36.
984 3469 1060 3514 37.
1099 3469 1177 3514 45.
1218 3470 1295 3514 47.
1337 3469 1416 3516 52.
1489 3467 1544 3516 O.
1583 3467 1644 3516 V.
1683 3467 1825 3515 376ε1
1863 3482 1974 3529 sqq.

343 3543 358 3570 ²
396 3544 705 3592 Emendatio
744 3546 823 3593 25.
863 3546 941 3593 31.
980 3546 1058 3591 54.
1100 3548 1178 3594 66.
1219 3548 1297 3593 67.
1338 3548 1414 3594 68.
1488 3545 1543 3595 O.
1581 3545 1643 3594 V.
1683 3547 1778 3593 375
1796 3546 1842 3593 d.

343 3621 358 3648 ³
396 3622 705 3670 Emendatio
734 3624 812 3670 56.
840 3624 917 3669 57.
946 3623 1024 3671 65.
1064 3621 1120 3671 O.
1147 3623 1210 3671 V.
1237 3624 1379 3671 38οᾶ
1408 3640 1519 3687 sqq.
1635 3622 1654 3650 4
1690 3623 1998 3671 Emendatio
2026 3624 2106 3671 95.
2145 3622 2200 3671 O.
2227 3622 2290 3670 V.
2311 3622 2403 3669 386
2421 3620 2468 3668 d.

342 3698 357 3724 5
395 3700 798 3748 Emendationes
838 3702 1051 3749 85-93,
1123 3699 1177 3748 O.
1217 3701 1279 3750 V.
1319 3702 1461 3749 3S5d
1500 3717 1610 3764 sqq.

345 3776 361 3803 6
399 3777 706 3826 Emendatio
748 3780 825 3827 70.
897 3778 952 3827 C.
991 3779 1053 3827 V.
1091 3780 1185 3825 383
1204 3795 1249 3827 a.
1434 3779 1448 3804 ⁷
1487 3779 1794 3827 Emendatio
1836 3781 1912 3826 71.
1986 3778 2040 3827 C.
2078 3778 2140 3826 V.
2179 3779 2273 3825 383
2291 3792 2335 3825 a.

343 3853 359 3880 8
397 3855 477 3903 Ex
514 3856 642 3903 actis
681 3861 778 3905 eto.
852 3857 907 3905 C.
946 3857 1007 3905 V.
1050 3858 1175 3904 1692
1194 3872 1236 3904 c.
1267 3857 1312 3905 d.

343 3930 360 3958 ⁹
399 3933 478 3980 Ex
515 3934 643 3981 actis
682 3939 778 3982 etc.
850 3933 906 3982 C.
947 3935 1010 3982 V.
1052 3936 1177 3982 1693
1195 3950 1236 3983 c.
1422 3933 1459 3961 ¹⁰
1498 3935 1626 3984 Ibid.
1700 3933 1754 3982 O.
1794 3935 1857 3982 V.
1901 3937 2023 3982 1694
2041 3950 2082 3983 c.
2111 3935 2156 3982 d.
