2548 4290
344 259 443 330 [4.]
485 262 659 313 Porro
702 258 810 312 fide
853 259 1041 312 divina
1082 264 1138 313 et
1179 258 1453 312 catholica
1495 275 1562 310 ea
1602 257 1787 310 omnia
1817 255 2099 310 credenda
2138 260 2283 324 sunt,
2327 273 2469 328 quae

192 345 248 398 in
290 345 459 398 verbo
500 343 610 398 Dei
650 345 856 415 scripto
904 345 994 397 vel
1034 343 1239 397 tradito
1283 343 1668 408 continentur,
1727 347 1783 396 et
1824 341 1892 395 ab
1933 341 2190 395 Ecclesia
2229 342 2344 395 sive
2385 361 2470 397 so·

192 430 362 483 lemni
401 429 607 483 iudicio
648 429 764 482 sive
808 429 1086 482 ordinario
1130 435 1184 482 et
1236 427 1537 481 universali
1578 426 1899 499 magisterio
1953 431 2235 497 tamquam
2274 427 2511 507 divini3

191 520 278 568 tus
317 513 608 568 revelata1
649 514 931 568 credenda
972 519 1377 586 proponuntur.

194 115 264 167 86
396 115 510 157 Pars
542 114 578 156 I.
636 113 791 156 Const.
826 113 882 154 de
913 111 1016 154 fide.
1082 111 1191 167 Cap.
1226 112 1309 152 ΙΙΙ.
1365 111 1475 166 Ipsa
1509 108 1703 152 Constit.
1738 122 1842 151 cum
1875 109 2267 152 adnotationibus.
2482 0 2548 216 ξΙ

2538 227 2548 257 ι

192 663 310 712 Non
348 669 426 713 est
460 665 580 713 fidei
616 666 819 728 dogma,
858 665 1088 713 eiusdem
1123 663 1323 726 gratiae
1362 661 1776 724 supernaturalis
1814 661 2177 710 necessitatem
2210 656 2511 723 pertinere

191 742 345 790 etiam
384 742 450 790 ad
485 743 638 791 fidem
673 747 931 791 mortuam
956 781 967 803 ,
1008 758 1140 805 quae
1180 740 1402 789 salutem
1437 755 1540 788 non
1576 743 1828 802 praestat.
1900 739 2171 800 Addimus,
2213 739 2348 787 hanc
2385 756 2473 803 po-

193 823 437 868 stremam
478 821 788 870 sententiam
825 837 890 869 ne
923 821 1117 869 habere
1158 819 1393 908 quidem,
1434 833 1536 882 quo
1573 818 1850 877 fulciatur3
1898 817 2001 866 imo
2038 817 2203 866 videri
2240 833 2521 881 pugnan-

192 902 298 947 tem
336 914 448 947 esse
485 915 602 947 cum
638 903 810 947 mente
848 899 1083 959 Patrum,
1125 898 1213 961 qui
1247 898 1300 945 in
1336 898 1437 945 illis
1475 896 1720 945 Conciliis
1758 895 2024 944 Ecclesiae
2062 896 2350 944 doctrinam
2388 912 2474 946 ex-

191 976 419 1038 plicuere
457 975 715 1036 (Arausio.
752 978 821 1025 ΙΙ.
861 993 972 1026 can.
1013 979 1055 1025 7.
1095 978 1168 1038 8.;
1207 975 1348 1024 Trid.
1388 975 1522 1024 SesS.
1558 974 1652 1023 VI.
1691 990 1803 1023 can.
1842 972 1927 1034 3..)
1996 974 2131 1023 Nam
2169 974 2211 1023 si
2248 974 2350 1024 PP.
2389 975 2504 1023 de·

193 1053 416 1103 clarant:
453 1054 678 1115 Homini,
722 1058 775 1103 ut
801 1055 965 1117 possit
1003 1056 1232 1117 cogitare
1271 1054 1332 1102 de
1358 1054 1514 1102 rebus
1541 1053 1606 1101 ad
1644 1052 1865 1101 salutem
1901 1052 2043 1101 vitae
2078 1057 2325 1102 aeternae
2361 1069 2474 1117 per·
2505 1042 2548 1112 ³11³

192 1131 494 1193 tinentibus,
531 1134 655 1180 sieut
693 1134 903 1196 eoepedit,
938 1136 996 1181 ut
1023 1134 1184 1196 possit
1210 1132 1441 1194 credere,
1478 1134 1601 1180 sieut
1627 1137 1831 1194 oportet,
1866 1131 2162 1179 necessaria
2189 1135 2268 1181 est
2302 1132 2523 1198 gratia
2504 1094 2548 1284 {fi

194 1208 368 1256 divina
405 1211 843 1273 supernaturalis3
897 1227 1067 1259 nonne
1106 1211 1279 1273 colligi
1314 1211 1440 1259 licet
1478 1226 1507 1258 a
1543 1210 1837 1270 contrario,
1886 1209 2049 1258 fuisse
2087 1210 2300 1259 tacitam
2336 1224 2548 1264 men·

193 1290 296 1334 tem
333 1286 540 1335 illorum
577 1287 820 1349 Patrum,
869 1304 1022 1351 posse
1059 1289 1314 1337 hominem
1357 1289 1466 1336 sine
1502 1288 1704 1350 gratiae
1755 1287 2171 1350 supernaturalis
2210 1288 2527 1338 adiutori)
2508 1325 2548 1359 ,

194 1364 435 1426 credere,
471 1367 596 1413 sieut
632 1382 731 1415 non
767 1372 972 1429 epm-,tet
1009 1367 1059 1415 id
1098 1371 1200 1423 est,
1238 1367 1434 1416 habere
1468 1365 1620 1414 fidem
1659 1371 1917 1414 mortuam
1958 1369 2009 1413 et
2046 1361 2322 1413 otiosam?‘
2373 1364 2521 1426 [Ibi

199 1442 225 1504 ἓ
263 1445 342 1491 33-
378 1460 428 1507 p
464 1444 528 1491 82
567 1442 719 1507 Sq·]“)
2508 1431 2548 1508 Ῐῖἶῖ

346 1522 446 1584 „At
484 1538 712 1571 errorem
751 1524 888 1571 hunc
927 1524 1078 1587 plane
1117 1540 1230 1572 esse
1267 1523 1607 1585 haereticum,
1644 1538 1795 1571 nemo
1835 1522 2075 1572 dubitare
2111 1525 2300 1586 potest.
2361 1522 2471 1571 Iam
2513 1534 2548 1562 ν’

194 1598 587 1663 Semipelagiani
642 1601 1032 1665 distinguebant
1083 1603 1220 1650 inter
1266 1602 1419 1650 fidem
1468 1618 1560 1649 seu
1610 1601 1731 1650 fidei
1783 1601 1986 1650 initium
2034 1605 2085 1649 et
2130 1601 2266 1649 inter
2314 1615 2476 1664 opera

193 1679 331 1728 bona
381 1694 471 1726 seu
519 1679 658 1728 vitae
711 1681 1068 1742 sanctitatem,
1122 1684 1174 1728 et
1212 1680 1349 1743 quod
1395 1679 1462 1727 ad
1498 1679 1702 1728 initium
1752 1679 1871 1727 fidei
1905 1679 2127 1742 gratiam
2166 1683 2476 1742 supernatu·

192 1757 355 1805 ralem
390 1758 737 1806 necessariam
778 1774 889 1807 esse
926 1765 1194 1822 negarent,
1231 1759 1349 1807 ideo
1386 1759 1665 1806 haereseos
1703 1758 1932 1806 damnati
1971 1763 2091 1807 sunt
2128 1760 2193 1809 ab
2231 1759 2479 1807 universa
2521 1815 2538 1834 ᾔ

191 1833 442 1896 Ecclesia,
480 1836 893 1900 nominatimque
932 1837 1145 1885 definita
1182 1841 1260 1885 est
1295 1837 1581 1884 necessitas
1618 1837 1822 1899 gratiae
1851 1837 1916 1884 ad
1941 1836 2094 1885 fidem
2120 1836 2476 1894 christianam,

195 1928 299 1975 qua
335 1913 663 1961 consentitur
702 1915 1032 1977 evangelicae
1069 1915 1464 1979 praedicationi,
1504 1930 1595 1963 seu
1627 1914 1695 1962 ad
1731 1914 1883 1962 fidem
1911 1914 2070 1975 illam,
2109 1930 2262 1977 quam
2300 1930 2479 1963 recen·
2521 1905 2542 1920 ²

191 1990 350 2039 tiores
387 1991 475 2039 isti
511 1992 777 2055 appellant
827 1993 995 2055 ,fidem
1047 1991 1392 2057 cognitionis‘.
1455 1992 1536 2040 Sic
1575 2009 1618 2040 e.
1653 2008 1703 2055 g.
1741 1992 1987 2042 definitur
2023 1994 2075 2041 in
2114 1992 2271 2043 Conc.
2308 1993 2476 2041 Arauu
2521 2046 2537 2057 γ

194 2069 282 2118 sic.
321 2069 392 2116 ΙΙ.
433 2085 544 2118 can.
695 2070 765 2132 ,Si
802 2071 917 2134 quis
954 2088 1046 2135 per
1081 2076 1305 2120 naturae
1341 2071 1574 2134 vigorem
1611 2071 1807 2119 bonum
1842 2071 2080 2135 aliquod,
2119 2071 2259 2135 quod
2295 2071 2360 2120 ad
2398 2086 2478 2119 sa·-

192 2146 356 2195 lutem
392 2148 621 2210 pertinet
657 2149 798 2198 vitae
835 2154 1099 2210 aeternae,
1141 2151 1388 2213 cogitare,
1426 2154 1484 2197 ut
1510 2150 1735 2212 expedit,
1774 2154 1865 2197 aut
1892 2150 2101 2213 eligere,
2139 2152 2238 2198 sive
2259 2150 2480 2198 salutar?

192 2226 247 2273 id
284 2232 352 2274 est
386 2228 691 2288 evanyelzeae
738 2229 1107 2289 proedzcotioni
1139 2230 1410 2278 consentire
1450 2243 1594 2291 posse
1631 2228 1933 2289 confirmat,
1983 2230 2180 2292 absque
2218 2228 2468 2277 illumina
2524 2216 2548 2294 ζ

194 2304 335 2353 tione
374 2308 426 2353 et
463 2306 803 2369 inspiratione
842 2307 1064 2370 Spiritus
1103 2307 1306 2369 Sancti,
1359 2309 1446 2370 qui
1480 2308 1567 2355 dot
1605 2307 1826 2355 omnibus
1860 2309 2155 2356 suavitatem
2189 2309 2239 2355 in
2279 2323 2469 2355 consen·
2522 2298 2548 2369 ἶ

196 2384 359 2431 tiendo
397 2389 438 2431 et
475 2384 717 2433 medendo
754 2386 965 2445 veritati,
1002 2385 1267 2434 haeretico
1303 2385 1504 2433 fallitur
1542 2382 1744 2448 spiritu‘
1783 2388 1881 2433 etc.
1943 2384 2146 2434 Pariter
2184 2384 2470 2434 Concilium

196 2460 557 2510 Tridentinum
594 2463 725 2511 Sess.
751 2461 844 2511 VI.
882 2479 994 2526 cap.
1021 2466 1067 2513 8.
1105 2464 1350 2524 declarat,
1391 2464 1558 2525 ,fidem
1597 2479 1709 2512 esse
1746 2463 2006 2512 humanae
2043 2464 2227 2512 salutis
2252 2463 2472 2525 initium,
2524 2464 2548 2539 135

193 2539 591 2588 fundamentum
630 2546 681 2588 et
719 2541 946 2590 radicem
986 2543 1151 2590 omnis
1189 2539 1608 2590 iustificationis‘.
1655 2541 1757 2589 Ubi
1794 2557 1916 2590 vero
1956 2542 2203 2591 describit
2240 2542 2469 2590 ordinem

196 2622 248 2666 et
283 2632 618 2680 progressum
654 2619 1066 2681 iustificationis,
1104 2625 1354 2682 tanquam
1391 2620 1612 2683 primum
1649 2620 1869 2682 gradum
1908 2620 2260 2682 dispositionis
2298 2620 2364 2668 ad
2399 2620 2475 2668 iu·
2522 2656 2541 2676 7

195 2696 391 2743 stitiam
443 2697 588 2758 ponit
634 2697 799 2759 ipsam
848 2697 1001 2746 fidem
1052 2699 1383 2761 dogmatum,
1432 2712 1650 2760 eamque
1701 2698 1853 2746 docet
1890 2713 2002 2746 esse
2041 2713 2106 2746 ex
2141 2698 2313 2760 gratia
2348 2697 2475 2746 ibid.
2520 2696 2524 2725 ἶ

195 2789 305 2836 cap.
344 2775 415 2821 6.:
469 2774 847 2837 ‚Disponuntur
885 2780 1059 2824 autem
1097 2776 1161 2824 ad
1199 2776 1362 2839 ipsam
1400 2776 1667 2837 iustitiam,
1708 2776 1829 2824 dum
1868 2778 2068 2824 excitati
2102 2777 2270 2824 divina
2305 2776 2475 2840 qratia
2529 2767 2547 2836 ,ζῇ

195 2855 238 2899 et
274 2852 440 2899 adiuti
469 2852 628 2912 fidem
664 2868 723 2900 ex
758 2854 935 2900 auditu
984 2855 1305 2917 concipientes
1352 2853 1515 2903 libere
1564 2858 1842 2902 moventur
1890 2854 1942 2902 in
1978 2854 2179 2915 Deum,
2232 2855 2478 2902 credentes
2522 2884 2548 2910 -.

194 2945 311 2978 vera
349 2945 471 2991 esse,
519 2946 644 2993 quae
680 2932 916 2979 divinitus
952 2934 1169 2981 revelata
1217 2939 1259 2981 et
1306 2935 1553 2993 promissa
1599 2931 1746 2981 sums
1819 2932 1963 2989 Quae
2012 2933 2219 2996 quidem
2258 2932 2478 2983 Concilii

196 3006 431 3055 doctrina
483 3008 678 3056 directe
730 3010 1012 3072 opponitur
1049 3011 1368 3072 sententiae,
1423 3027 1526 3074 qua
1577 3010 1722 3071 ,fides
1772 3008 2116 3074 cognitionis,
2168 3011 2217 3059 h.
2256 3026 2299 3059 e.
2346 3010 2477 3058 fides

198 3084 496 3148 dogmatum
521 3102 617 3134 nec
644 3102 707 3135 ex
733 3102 793 3150 gi
798 3089 905 3136 atia
931 3090 1333 3151 supernaturali,
1361 3105 1457 3138 nec
1485 3089 1747 3151 salutaris,
1784 3105 1879 3137 nec
1904 3089 2069 3137 libera
2095 3104 2207 3137 esse
2235 3086 2471 3138 dicitur.‘⁴
2522 3060 2548 3165 ξ

346 3162 362 3189 ¹
395 3164 472 3211 De
507 3164 605 3212 hac
642 3166 973 3228 paragrapho
1011 3183 1042 3215 a
1079 3168 1421 3230 deputatione
1460 3167 1521 3216 de
1558 3168 1658 3216 fide
1685 3161 1938 3216 schemati
1973 3166 2257 3215 reformato
2298 3168 2479 3216 addita
2523 3151 2548 3301 ξ

2531 3314 2548 3344 «ι

2526 3366 2548 3392 {l

195 3256 243 3288 v.
282 3256 441 3303 supra
479 3257 590 3304 cap.
617 3242 659 3291 I.
695 3243 930 3292 Historia
964 3245 1176 3307 originis
1215 3249 1312 3294 etc.
1348 3261 1396 3309 p.
1439 3248 1514 3293 16.
1553 3248 1614 3293 22
1655 3262 1729 3310 sq.
1779 3246 1840 3294 In
1877 3246 2138 3294 schemate
2163 3246 2410 3295 Patribus
2447 3261 2480 3293 a
2531 3302 2548 3317 ἡ

198 3318 538 3381 deputatione
573 3322 839 3383 proposito
879 3324 1138 3371 sententia
1176 3328 1286 3372 erat
1321 3324 1479 3372 haec:
1523 3340 1724 3387 „quae.
1792 3324 2164 3373 ‚continentur
2202 3328 2252 3372 et
2289 3324 2354 3372 ab
2381 3323 2478 3372 Ec·
2526 3337 2548 3393 J]

199 3396 355 3444 clesia
382 3397 489 3445 sive
515 3397 733 3446 solemni
759 3399 950 3448 iudicio
990 3401 1098 3449 sive
1137 3402 1399 3450 ordinario
1437 3403 1738 3465 magisterio
1776 3402 2035 3451 credenda
2061 3399 2477 3466 proponuntur&
2533 3406 2548 3413 “⁴

197 3473 435 3534 (Schema
456 3478 552 3524 etc.
596 3475 650 3525 O.
669 3477 732 3524 V.
755 3479 814 3524 73
836 3476 899 3537 c.)
942 3478 1207 3535 Quaedam
1229 3481 1616 3528 emendationes
1636 3480 2078 3543 proponebantur,
2107 3481 2294 3544 quibus
2312 3484 2476 3542 patet,
2529 3481 2548 3546 ᾖ

197 3550 400 3614 aliquos
428 3553 747 3602 ordinarlum
770 3554 899 3603 1llud
918 3556 1272 3619 magisterium
1290 3557 1873 3606 SummumPcntificem
1891 3558 2228 3607 mtellexlsse
2265 3556 2478 3617 (Emen·

198 3628 435 3677 dationes
463 3633 561 3678 etc.
620 3629 675 3678 O.
702 3631 765 3680 V.
796 3633 887 3680 159
907 3634 938 3682 b
978 3631 1115 3697 sqq.)
1164 3633 1457 3683 Secundum
1494 3636 1587 3684 has
1613 3636 2004 3683 emendationes
2032 3635 2476 3684 Paderbornensis

197 3706 406 3755 nomine
444 3707 797 3770 deputationis
836 3710 898 3758 de
934 3710 1035 3759 fide
1071 3713 1359 3775 proposuit,
1397 3717 1456 3762 ut
1494 3714 1755 3762 diceretur
1796 3714 2090 3775 „ordinario
2130 3720 2172 3761 et
2206 3713 2481 3762 universali

198 3782 550 3846 magisteri0“,
586 3786 758 3849 idque,
796 3790 855 3835 ut
881 3788 969 3846 ait,
1007 3794 1302 3852 propterea,
1347 3807 1439 3851 „ne
1467 3791 1581 3853 quis
1607 3795 1783 3853 putet,
1822 3807 1917 3840 nos
1946 3793 2090 3856 loqui
2125 3792 2224 3840 hoc
2260 3791 2373 3840 loco
2413 3791 2477 3839 de

198 3862 496 3923 magisterio
522 3864 782 3914 infallibili
809 3864 856 3914 S.
885 3865 1029 3914 Sedis
1055 3867 1407 3930 Apostolicae,
1446 3870 1545 3918 hoc
1570 3871 1928 3933 magisterium
1956 3872 2263 3935 opponendo
2289 3884 2476 3932 nempe

200 3936 445 3988 Conciliis
481 3942 829 4002 generalibus.
898 3942 1033 3991 Nam
1070 3960 1236 4007 nuper
1280 3946 1527 3995 honorem
1567 3948 1757 4009 habui,
1804 3949 1950 3997 vobis
2003 3965 2068 3997 ex
2104 3949 2200 3997 hoc
2237 3948 2351 3996 loco
2390 3947 2476 3995 de·
