2548 4290
192 121 262 174 20
686 121 798 161 Pars
830 119 865 159 1.
924 117 1079 160 Const.
1115 117 1170 158 de
1201 115 1303 157 fide.
1369 112 1480 169 Cap.
1515 114 1550 155 Ι.
1605 114 1720 156 Eius
1752 114 1962 156 historia.

191 269 488 339 quaedam,
542 272 597 322 et
637 268 849 337 aliquas
889 269 1104 318 tantum
1144 263 1399 315 minimas
1453 260 1870 314 observationes
1921 260 2061 314 tales
2114 278 2262 330 esse,
2321 279 2470 333 quae*

189 356 367 426 ipsum
408 354 751 426 prooemium
792 353 848 404 in
890 369 988 404 sua
1028 349 1364 414 substantia,
1418 351 1479 399 ut
1519 347 1597 398 ita
1636 346 1844 413 dicam,
1890 346 2157 400 afficiunt.
2201 388 2211 399 .
2256 388 2268 402 .
2333 347 2465 402 Illa-

190 440 595 505 rum-omnium
638 436 1102 501 enuntiationum,
1144 451 1284 504 quae
1324 433 1413 484 hic
1455 431 1640 484 factae
1680 431 1924 499 fuerunt,
1963 432 2009 484 is
2050 433 2144 503 qui
2183 431 2304 486 fieri
2344 438 2465 488 tan·

189 531 306 577 tum
345 525 550 596 poterit
588 542 746 590 usuS,
790 526 938 575 certe
980 521 1075 573 fiet
1115 537 1214 590 per
1257 518 1679 587 deputationem
1720 517 1776 569 in
1817 518 2092 572 revisione
2134 516 2297 572 huius
2337 537 2464 589 pro·

191 610 370 662 oemii.
426 609 587 671 Quod
616 626 757 675 cum,
799 607 923 661 Rffii
958 606 1170 672 PatreS,
1214 621 1380 674 super
1410 603 1695 674 prooemio
1724 603 1813 655 hic
1843 604 2240 675 proloquentes
2269 604 2463 672 sciant,

188 702 353 765 atque
394 713 493 766 pro
536 700 684 747 certo
726 697 968 760 teneant,
1011 696 1134 744 octo
1176 689 1400 742 illorum
1443 687 1728 741 declarare
1771 706 1882 742 non
1925 689 2348 757 dubitaverunt,
2403 709 2464 744 se

189 781 401 851 priores
442 781 811 849 acquiescere,
855 783 1020 848 atque
1062 776 1229 841 nolle,
1276 779 1336 826 ut
1378 792 1544 845 super
1584 774 1695 826 suis
1737 774 1825 826 hic
1867 774 2027 828 factis
2067 776 2464 829 enuntiationi«

187 865 306 932 bus,
351 884 582 936 quarum
613 865 855 917 maxima
895 882 1039 934 parS,
1082 861 1269 932 prouti
1312 861 1446 928 dixi,
1490 860 1695 928 stilum,
1736 861 2032 914 locutionis
2067 861 2294 915 modum
2336 880 2463 916 con·-

186 956 433 1017 cernunt,
475 956 658 1004 vestra
698 949 965 1018 suffragia
1004 948 1375 1018 requirantur.
1457 945 1515 999 Si
1557 945 1625 998 de
1669 945 1943 1016 capitibus
1985 946 2147 1016 fidei,
2199 947 2290 1001 vel
2330 965 2459 1002 vero

188 1035 353 1088 etiam
395 1035 461 1089 de
505 1035 719 1088 obiecto
762 1034 933 1104 ipsius
977 1033 1304 1102 disciplinae
1348 1036 1639 1102 ageretur,
1689 1031 1994 1084 certissime
2036 1032 2175 1085 haec
2215 1033 2462 1104 ipsorum

189 1119 487 1174 declaratio
530 1139 601 1173 ex
653 1124 810 1191 parte
853 1118 1227 1190 deputationis
1280 1118 1375 1169 vix
1427 1122 1719 1188 acceptata
1775 1117 1999 1171 fuisset:
2055 1136 2220 1189 super
2274 1120 2464 1189 capiti-

188 1205 288 1258 bus
328 1207 472 1259 enim
513 1206 660 1273 fidei,
705 1204 1171 1276 quemadmodum
1200 1204 1366 1256 etiam
1395 1221 1562 1273 super
1591 1203 1864 1274 capitibus
1894 1204 2237 1275 disciplinae,
2281 1205 2464 1276 quoad

187 1292 430 1361 singulas
472 1292 914 1357 observationeS,
958 1290 1139 1361 quoad
1182 1291 1429 1360 singulas
1471 1289 1980 1343 animadversiones
2022 1309 2239 1361 semper
2279 1296 2465 1345 vestra

185 1376 449 1446 suffragia
489 1378 591 1430 hac
632 1378 688 1430 in
729 1377 855 1430 aula
896 1376 1292 1445 rogabuntu1·.“
1320 1375 1337 1408 1
1390 1376 1611 1429 Deinde
1642 1376 1812 1429 Rffius
1853 1376 2324 1448 Archiepiscopus
2367 1395 2463 1431 ex-

184 1463 382 1531 posuit,
426 1481 521 1516 cur
563 1462 847 1534 deputatio
889 1463 1023 1515 alias
1067 1462 1501 1530 emendationeS,
1545 1480 1685 1533 quae
1727 1467 2063 1516 retractatae
2105 1481 2217 1516 non
2259 1470 2462 1533 essent,

184 1548 530 1619 recipiendas
572 1568 683 1602 non
725 1567 842 1602 esse
887 1554 1138 1601 censeret
1161 1547 1197 1602 ².

332 1634 627 1687 Relatione
654 1635 800 1688 facta
829 1634 896 1687 de
925 1635 1156 1704 singulis
1199 1634 1682 1687 emendationibus
1711 1634 1981 1705 suffragia
2008 1633 2244 1689 ferenda
2285 1641 2462 1689 erant.

183 1718 357 1772 Lecta
410 1738 475 1773 ea
517 1721 720 1774 decreti
771 1721 1040 1791 pontificii
1089 1721 1471 1792 paragraphO,
1531 1739 1639 1791 qua
1691 1721 1887 1774 modus
1941 1720 2160 1775 ferendi
2201 1721 2466 1792 suffragia

183 1805 608 1875 praescribitur,
664 1825 784 1860 eam
840 1806 1221 1876 explicaturus
1262 1806 1712 1860 Subsecretarius
1766 1806 2013 1860 addidit:
2071 1806 2463 1875 „Meminerint

183 1893 369 1962 itaque
401 1891 525 1944 Rffii
554 1893 768 1959 PatreS,
812 1893 959 1963 quod
1002 1893 1068 1945 de
1113 1893 1305 1963 quavis
1337 1892 1728 1946 emendatione
1758 1897 1912 1945 actus
1941 1892 2208 1962 suffragia
2244 1892 2462 1946 ferendi

183 1976 279 2029 fiet
318 1977 584 2030 distinctis
626 1997 722 2031 seu
764 1978 977 2031 duabus
1017 1978 1245 2047 vicibus,
1287 1979 1380 2044 ita,
1424 1984 1484 2030 ut
1528 1984 1680 2031 actus
1721 1977 1986 2047 surgendi
2029 1979 2308 2050 exprimat
2348 1984 2460 2032 tam

182 2079 463 2116 assensum
505 2081 667 2134 quam
711 2065 1046 2130 dissensum,
1090 2082 1290 2136 nempe
1334 2066 1426 2135 qui
1469 2065 1648 2136 prima
1690 2066 1810 2118 vice
1853 2069 2106 2134 surgunt,
2149 2066 2465 2136 approbant

186 2148 630 2202 emendationem
684 2151 1053 2221 propositam,
1108 2151 1176 2203 de
1233 2169 1340 2221 qua
1381 2157 1513 2203 tunc
1566 2151 1780 2221 agitur,
1834 2150 2090 2204 sedentes
2142 2168 2275 2204 vero
2333 2168 2463 2204 ean-

186 2232 310 2286 dem
350 2235 638 2301 reiiciunt3
683 2235 813 2287 dum
854 2242 1041 2288 autem
1070 2236 1314 2288 secunda
1355 2236 1477 2289 vice
1521 2236 1588 2288 de
1633 2235 1828 2289 eadem
1857 2236 2235 2306 propositione
2265 2236 2464 2289 Patres

184 2319 614 2388 interrogantur,
659 2327 786 2374 tunc
815 2322 870 2388 ii,
914 2322 1008 2391 qui
1036 2326 1289 2392 surgunt,
1321 2322 1772 2375 emendationem
1806 2323 2148 2393 propositam
2188 2322 2464 2390 reiiciunt,

184 2404 439 2458 sedentes
491 2413 677 2459 autem
719 2426 841 2459 eam
882 2407 1246 2478 approbant.“
1321 2408 1457 2461 Cum
1501 2414 1687 2461 autem
1730 2408 1868 2461 haec
1909 2409 2248 2478 legerentur,
2292 2408 2466 2462 Rffius

189 2489 458 2557 thelan,
516 2492 619 2563 Ep.
672 2492 1155 2562 XVheelingensiQ
1216 2494 1370 2546 cuius
1428 2499 1583 2547 erant
1634 2493 2083 2562 emendationes,
2141 2493 2209 2546 de
2265 2494 2466 2564 quibus

185 2575 449 2645 suffragia
489 2576 700 2645 fierent,
743 2579 1029 2649 proposita
1058 2580 1384 2632 retractavit
1412 2597 1474 2632 ac
1504 2579 1800 2633 Praesides
1828 2580 2063 2650 rogavit,
2106 2584 2166 2631 ut
2195 2578 2467 2649 suffragia

187 2679 296 2714 non
340 2663 767 2732 exquirerentur
787 2663 824 2717 3.

331 2747 527 2818 Itaque
571 2749 856 2818 deputatio
885 2752 1233 2821 prooemium
1262 2751 1494 2803 Patrum
1538 2751 1990 2804 emendationum
2029 2751 2244 2803 ratione
2274 2749 2466 2803 habita

185 2831 563 2898 reformavit&
622 2835 1095 2906 reformatumque
1152 2837 1297 2889 inter
1350 2837 1549 2890 Patres
1604 2837 2050 2890 distribuendum
2102 2835 2465 2890 Praesidibus

186 2917 456 2971 exhibuit.
546 2919 912 2973 Distribuitur
977 2923 1033 2974 in
1092 2923 1372 2975 tricesima
1438 2924 1630 2993 quinta
1689 2923 2142 2993 Congregatione
2211 2922 2463 2992 generali

187 3002 237 3055 d.
269 3005 355 3057 28.
385 3004 610 3057 Martii5
652 3011 815 3076 atque
857 3008 914 3060 in
956 3009 1209 3079 sequenti
1253 3008 1706 3078 Congregatione
1748 3010 1980 3062 Patrum
2022 3008 2297 3078 suffragiis
2338 3007 2465 3060 sub-

184 3088 390 3140 iectum
420 3090 487 3142 ab
519 3092 770 3145 omnibus
799 3093 1140 3164 approbatur
1163 3093 1199 3148 ⁶.
1255 3094 1453 3156 Quoad
1487 3096 1673 3147 stilum
1704 3096 1885 3148 denuo
1919 3093 2276 3148 emendatum
2305 3111 2464 3163 prae-

184 3172 388 3242 legitur
430 3175 485 3227 in
528 3177 796 3246 vigesima
838 3179 1080 3232 secunda
1121 3180 1365 3233 sessione
1410 3180 1787 3251 deputationis
1810 3180 1845 3249 ⁷,
1899 3187 2065 3250 atque
2108 3197 2231 3232 cum
2273 3179 2464 3250 capiti-

185 3256 286 3310 bus
342 3261 668 3329 proponitur
719 3263 774 3314 in
828 3263 1255 3334 quadragesima
1313 3267 1505 3335 quinta
1559 3266 2009 3337 Congregatione
2063 3264 2315 3335 generali
2373 3263 2463 3317 die

189 3343 273 3394 12.
314 3341 526 3413 Aprilis
549 3344 585 3411 3,
632 3364 799 3416 quum
843 3349 1069 3418 speciali
1115 3351 1181 3403 de
1224 3351 1456 3420 singulis
1500 3351 1923 3404 Constitutionis
1964 3349 2213 3421 partibus
2257 3348 2462 3402 discus-

186 3427 336 3480 sione
379 3429 533 3482 finita
574 3431 841 3501 suffragia
882 3434 990 3485 iam
1034 3435 1100 3488 de
1143 3439 1259 3488 tota
1303 3436 1712 3490 Constitutione
1756 3436 1987 3490 ferenda
2029 3440 2229 3489 essent.

336 3622 350 3649 1
389 3623 593 3672 Relatio
633 3629 728 3673 etc.
802 3626 857 3675 O.
895 3627 957 3675 V.
996 3630 1103 3675 93a
1142 3644 1251 3691 sqq.
1437 3630 1451 3657 2
1489 3631 1622 3679 Ibid.
1696 3629 1751 3678 O.
1791 3630 1853 3677 V.
1893 3631 1997 3677 930
2037 3645 2147 3692 sqq.

337 3698 351 3726 3
390 3701 519 3748 Ibid.
560 3701 615 3750 O.
634 3702 696 3750 V.
717 3704 778 3750 95
795 3704 824 3751 b
848 3720 957 3767 sqq.
995 3705 1129 3753 Acta
1156 3712 1255 3761 ete.
1281 3707 1334 3755 O.
1355 3708 1417 3757 V.
1440 3711 1534 3756 734
1552 3726 1596 3757 a.
1690 3707 1709 3733 ³*
1734 3708 1814 3755 Ex
1833 3708 1961 3756 actis
1983 3713 2079 3757 etc.
2110 3707 2165 3756 O.
2184 3708 2247 3755 V.
2270 3708 2392 3755 1671
2411 3707 2459 3755 b.

336 3776 350 3802 5
390 3778 521 3825 Acta
548 3784 644 3828 etc.
695 3779 749 3828 O.
778 3781 839 3829 V.
862 3783 954 3828 734
972 3782 1016 3830 d.
1068 3783 1290 3833 Textum
1319 3787 1568 3848 prooemii
1595 3786 1860 3834 distributi
1885 3786 2046 3834 habes
2072 3786 2195 3835 ibid.
2216 3788 2322 3833 96a
2348 3801 2458 3848 sqq.

335 3853 351 3881 ¹³
389 3855 522 3903 Acta
559 3860 654 3905 etc.
705 3858 758 3907 O.
797 3858 858 3907 V.
901 3861 1056 3908 7351).
1242 3863 1255 3888 ⁷
1294 3863 1373 3910 Ex
1412 3864 1541 3912 actis
1580 3869 1677 3912 etc.
1750 3863 1803 3911 O.
1842 3863 1904 3911 V.
1948 3865 2073 3910 1674
2091 3880 2135 3911 a.

336 3930 351 3958 8
388 3931 521 3980 Acta
560 3938 654 3983 etc.
707 3935 761 3983 C.
799 3936 859 3984 V.
902 3939 993 3985 739
1010 3953 1054 3987 a.
