2548 4290
236 149 305 201 44
430 150 542 190 Pars
574 147 609 187 Ι.
669 145 823 188 Const.
859 144 913 185 de
944 143 1047 185 fide.
1112 142 1223 197 Cap.
1255 142 1315 184 11.
1372 140 1790 183 Commentationes
1824 141 1880 182 de
1911 140 2148 194 aliquibus
2180 140 2310 182 locis.

237 291 512 345 sideratur
551 290 608 342 in
647 289 918 342 relatione
960 287 1031 342 ad
1073 293 1383 354 creaturas,
1436 286 1675 357 ideoque
1717 285 1891 339 verba
1930 286 2055 355 illa,
2097 286 2178 338 uti
2219 303 2376 339 casus
2416 304 2512 358 ap-

236 377 540 449 positionis,
583 380 809 445 possent
833 375 1078 441 retineri,
1127 379 1372 426 attamen
1403 373 1657 444 apposita
1696 372 1753 424 in
1794 389 2005 425 canone
2047 372 2319 425 inducunt
2358 372 2511 425 illam

235 463 633 533 quaestionem,
676 479 817 531 quae
858 461 915 512 in
956 460 1314 513 adnotatione
1344 458 1573 511 vitanda
1602 458 1821 526 dicitur,
1861 463 2046 510 utrum
2076 458 2288 511 scilicet
2326 476 2512 511 rerum

233 547 438 600 creatio
480 546 597 599 sola
637 546 852 599 ratione
895 550 1046 598 certo
1092 544 1350 615 cognosci
1392 544 1581 615 possit.
1638 544 1716 596 At
1754 543 1809 595 in
1852 542 2175 612 canonibus,
2214 543 2272 595 in
2312 543 2512 614 quibus

232 651 332 703 per
362 632 773 685 damnationem
803 632 1005 685 erroris
1036 631 1371 683 contrarium
1412 630 1614 700 dogma
1643 629 1975 682 catholicum
2007 629 2286 698 definitur,
2328 629 2513 682 nullus

232 717 445 771 dandus
487 723 569 770 est
608 718 760 770 locus
803 715 1155 786 ambagibus,
1209 734 1279 768 ne
1322 715 1639 768 errantibus
1679 714 2028 785 relinquatur
2069 715 2371 785 effugium,
2425 732 2507 783 ac,

232 803 491 873 dogmate
534 803 653 873 ipso
702 803 759 854 in
800 802 1167 871 ambiguitate
1220 806 1506 869 versante,
1561 818 1823 870 suprema
1864 800 2093 854 sinceris
2133 800 2391 854 fidelibus
2430 800 2512 853 in-

229 894 528 959 generetur
568 888 851 955 anxietas,
905 906 975 940 an
1017 887 1229 940 scilicet
1281 888 1337 939 in
1390 886 1493 940 hoc
1548 886 1637 939 vel
1678 886 1774 939 illo
1813 904 1979 939 sensu
2019 886 2158 939 illud
2198 885 2510 953 retinendo,

228 975 540 1046 idipsumne
594 975 838 1027 sentiant
891 991 953 1026 00
1011 978 1201 1025 sancta
1254 979 1431 1026 mater
1471 972 1758 1040 Ecclesia,
1815 990 1885 1025 an
1942 972 2010 1025 ab
2064 972 2213 1025 illius
2257 972 2510 1026 doctrina

228 1062 391 1131 longe
435 1060 747 1113 aberrent.“
776 1059 790 1090 1

376 1146 496 1199 Iam
535 1146 856 1212 videamUS,
905 1144 1036 1215 quid
1079 1145 1303 1198 nomine
1348 1144 1724 1215 deputationis
1764 1144 2102 1215 respondeat
2141 1143 2509 1198 Brixinensis.

377 1231 573 1293 Quoad
615 1249 695 1298 ea,
738 1248 878 1302 quae
920 1231 977 1282 in
1017 1236 1174 1300 caput
1214 1230 1499 1301 proposita
1541 1236 1728 1297 erant,
1774 1236 2064 1297 „auctores
2104 1229 2267 1282 huius
2308 1246 2512 1301 excep-

226 1316 444 1383 tionis“,
497 1317 703 1387 inquit,
765 1316 1033 1383 „multum
1076 1323 1358 1384 anguntur
1400 1316 1614 1384 animo,
1669 1315 1817 1386 quod
1859 1315 2180 1369 enuntietur
2220 1314 2276 1367 in
2330 1314 2508 1384 capite

226 1402 499 1470 secundo,
555 1402 755 1469 Deum,
799 1402 1133 1472 principium
1177 1406 1231 1454 et
1271 1401 1437 1453 finem
1482 1402 1729 1454 omnium
1768 1419 1974 1469 rerum,
2014 1401 2225 1454 lumine
2268 1401 2510 1453 naturai

227 1487 295 1540 ab
335 1488 560 1541 homine
604 1493 754 1540 certo
799 1488 1058 1557 cognosci
1101 1505 1294 1558 posse3
1353 1492 1408 1539 et
1460 1505 1569 1540 non
1612 1487 1974 1558 acquiescunt
2026 1486 2083 1539 hi
2123 1486 2246 1539 Rffii
2290 1487 2508 1555 Patres,

226 1574 475 1643 quamvis
527 1574 660 1644 ipsis
715 1573 962 1639 dicatur,
1022 1573 1112 1643 agi
1168 1573 1224 1624 in
1273 1572 1377 1625 hoc
1432 1573 1614 1643 capite
1668 1572 2015 1626 solummodo
2070 1572 2138 1626 de
2187 1572 2411 1626 homine
2453 1572 2510 1625 i21

223 1677 449 1729 genere,
493 1659 763 1730 quidquid
804 1659 873 1711 sit
915 1658 983 1711 de
1027 1658 1287 1729 singulis3
1330 1676 1440 1711 non
1484 1659 1861 1729 acquiescunt,
1904 1676 2073 1730 quum
2115 1658 2248 1730 ipsis
2291 1657 2509 1725 dicitur,

226 1746 316 1815 agi
358 1745 702 1798 solummodo
735 1745 802 1798 de
832 1746 1101 1816 potentia,
1145 1745 1337 1815 utique
1368 1763 1479 1798 non
1521 1763 1671 1799 mere
1699 1746 1918 1816 passiva
1959 1745 2056 1798 sed
2085 1745 2283 1813 activa,
2324 1744 2508 1798 Deum

224 1831 433 1884 lumine
487 1832 729 1884 naturali
772 1837 923 1884 certo
977 1831 1380 1901 cognoscendi:
1434 1831 1531 1884 sed
1570 1832 1803 1898 instant,
1857 1832 2136 1903 potentia,
2190 1848 2331 1902 quae
2373 1849 2509 1883 nun-

225 1935 390 1987 quam
432 1917 725 1970 deducitur
766 1918 835 1970 ad
877 1923 1080 1984 actum,
1123 1918 1307 1988 potius
1351 1917 1586 1970 dicenda
1626 1918 1988 1989 impotentia,
2034 1923 2090 1971 et
2131 1917 2356 1988 quidem
2397 1935 2509 1970 non

221 2002 566 2056 solummodo
609 2003 833 2056 moralis
873 2003 971 2056 sed
1017 2003 1259 2073 physica.
1339 2002 1457 2055 Iam
1500 2005 1753 2074 potentia
1793 2003 1899 2056 ista
1938 2003 2123 2056 Deum
2164 2003 2373 2055 lumine
2415 2020 2509 2055 na-

220 2089 385 2141 turali
427 2088 799 2158 cognoscendi
843 2093 925 2141 est
959 2089 1083 2142 talis
1125 2089 1393 2159 potentia,
1438 2107 1579 2159 quae
1618 2107 1902 2160 nunquam
1945 2089 2015 2142 ad
2055 2094 2241 2141 actum
2270 2087 2510 2142 deducta

222 2179 329 2241 est,
384 2192 511 2226 nam
553 2173 653 2226 sub
695 2193 748 2226 n.
794 2176 856 2226 51
906 2173 985 2242 [in
1026 2175 1207 2245 prima
1248 2174 1341 2226 illa
1384 2174 1797 2244 emendatione]
1843 2174 2075 2227 dicitur:
2135 2174 2354 2242 ,Nullus
2396 2178 2508 2227 ete·-

225 2260 337 2311 nim
390 2260 876 2331 philosophorum,
932 2279 1113 2331 neque
1155 2260 1517 2327 AristoteleS,
1572 2278 1752 2331 neque
1795 2260 1985 2328 Plato,
2046 2278 2229 2331 neque
2273 2260 2489 2313 Tullius

225 2347 317 2416 qui
357 2345 474 2398 fere
530 2364 750 2399 omnem
792 2347 1021 2399 rationis
1077 2347 1386 2418 potentiam
1428 2351 1974 2417 praemonstrarunt,
2028 2347 2170 2400 adeo
2213 2352 2273 2399 ut
2314 2364 2498 2399 eorun]

223 2431 458 2500 vestigia
487 2431 742 2484 hodierni
770 2431 1088 2502 philosophi
1118 2436 1438 2503 sequantur,
1469 2438 1771 2504 potuerunt
1799 2451 1923 2487 cum
1947 2431 2281 2486 certitudine
2306 2450 2501 2502 cogno·

222 2535 375 2570 scere
417 2517 602 2570 Deum
655 2518 989 2589 principium
1044 2524 1098 2571 et
1151 2519 1316 2571 finem
1359 2519 1607 2571 omnium
1659 2520 1881 2572 10111111.ί
1960 2519 2110 2572 Hinc
2151 2517 2502 2585 concludunt,

224 2602 474 2656 doctrina
525 2603 630 2655 ista
681 2622 791 2656 non
841 2608 1023 2673 potest
1064 2604 1309 2670 admitti,
1368 2604 1516 2675 quod
1569 2605 1734 2657 homo
1788 2604 1999 2658 lumine
2051 2604 2292 2657 naturali
2332 2603 2503 2675 possit

224 2694 373 2741 certo
417 2706 754 2758 cognoscere
798 2689 980 2742 Deum
1025 2690 1270 2742 omnium
1311 2707 1498 2742 rerum
1539 2691 1874 2761 principium
1919 2696 1974 2743 et
2013 2690 2197 2744 finem.

374 2774 553 2842 „Quid
597 2775 773 2827 dicam
818 2775 883 2827 de
927 2775 1031 2828 hoc
1085 2775 1447 2847 syllogismo?
1518 2775 1716 2837 Quoad
1767 2777 2034 2829 maiorem
2089 2776 2211 2829 dico
2252 2781 2499 2844 transeat,

225 2860 492 2930 quamvis,
536 2860 577 2912 si
620 2860 904 2930 responsio
934 2861 1155 2931 integra
1184 2861 1366 2913 danda
1407 2867 1568 2928 esset,
1613 2868 1763 2915 certe
1795 2862 1962 2915 etiam
1991 2863 2127 2915 haec
2155 2862 2331 2915 maior
2360 2861 2502 2915 bene

224 2951 368 2998 esset
409 2945 816 3015 distinguenda.
874 2946 984 2999 Sed
1027 2946 1185 3000 mitto
1227 2948 1493 3000 maiorem
1522 2953 1577 3000 et
1602 2966 1746 3018 nego
1784 2948 2073 3016 minorem,
2116 2947 2328 3000 scilicet
2355 2946 2503 3017 quod

222 3031 406 3104 nullus
465 3048 708 3101 unquam
770 3030 1228 3103 philosophorum
1284 3032 1469 3085 Deum
1524 3034 1769 3086 omnium
1821 3052 2008 3086 rerum
2061 3032 2395 3105 principium
2449 3037 2504 3085 et

222 3116 389 3168 finem
447 3121 596 3168 certo
655 3118 996 3186 cognoverit.
1089 3118 1154 3170 In
1212 3119 1445 3188 parvula
1498 3119 1867 3187 bibliotheca,
1927 3137 2091 3190 quam
2143 3118 2231 3170 hic
2287 3117 2502 3171 Romae

222 3201 431 3271 paravi,
473 3201 651 3254 habeo
695 3202 859 3254 etiam
901 3202 1110 3255 scholia
1152 3221 1355 3274 graeca
1396 3204 1450 3255 in
1478 3204 1860 3272 Aristotelem,
1902 3204 1958 3256 in
1996 3205 2177 3257 lucem
2222 3203 2373 3256 edita
2413 3221 2503 3256 cu-

222 3292 378 3339 rante
406 3286 700 3340 Brandisio
743 3305 814 3340 ex
855 3288 1141 3341 academia
1183 3290 1506 3355 Borussica3
1549 3290 1607 3343 in
1650 3290 1845 3343 eadem
1872 3289 2212 3342 bibliotheca
2247 3288 2501 3360 possideo

221 3372 423 3426 Ethica
461 3372 734 3426 Eudemia
775 3374 1092 3428 Aristotelis
1148 3377 1204 3428 in
1260 3376 1503 3429 editione
1558 3376 1934 3446 pulcherrima
1974 3375 2298 3443 Fritzschii,
2360 3392 2501 3446 quae

222 3458 438 3525 Ethica,
480 3459 731 3528 quamvis
765 3459 973 3512 fuerint
1005 3479 1141 3530 opus
1172 3461 1431 3531 discipuli
1460 3461 1798 3528 AristoteliS,
1841 3460 2053 3513 scilicet
2080 3460 2322 3513 Eudemi
2350 3459 2501 3513 Rho-

223 3542 325 3610 dii,
377 3548 565 3595 tamen
605 3544 763 3596 iuxta
805 3562 1132 3598 consensum
1188 3548 1433 3599 omnium
1489 3547 1777 3600 doctorum
1830 3565 1903 3599 ex
1955 3552 2142 3599 mente
2184 3545 2502 3599 Aristotelis

224 3645 488 3697 expressa
543 3634 687 3680 sunt.
764 3629 884 3681 Iam
938 3630 1071 3700 quid
1126 3631 1347 3683 videtur
1404 3633 1459 3684 in
1512 3632 1595 3684 his
1648 3631 1871 3684 scholiis
1926 3636 1981 3685 et
2036 3633 2089 3684 in
2131 3630 2217 3684 his
2245 3630 2498 3684 Ethicis?

223 3712 560 3766 Scholiastes
588 3731 822 3783 graecus
851 3715 919 3767 ad
949 3716 1114 3768 finem
1144 3716 1510 3787 Physicorum
1539 3717 1860 3770 Aristotelis
1902 3716 2039 3770 haec
2080 3717 2253 3770 verba
2293 3715 2499 3782 adiicit,

224 3802 277 3849 et
318 3803 464 3866 pet0,
508 3798 631 3850 Rffii
660 3798 874 3867 PatreS,
916 3805 976 3852 ut
1018 3818 1081 3853 ea
1123 3800 1264 3854 bene
1295 3802 1514 3855 notetiS.
1572 3802 1739 3869 Dicit,
1786 3802 1970 3854 omnia
1999 3820 2139 3873 quae
2168 3799 2499 3854 Aristoteles

372 3974 389 4002 1
425 3976 826 4025 Emendationes
864 3982 958 4025 etc.
1021 3977 1075 4027 O.
1114 3978 1176 4026 V.
1217 3980 1312 4026 ‘229
1330 3994 1374 4027 a.
