2548 4290
211 127 314 179 172
395 128 508 169 Pars
541 128 599 168 ΙΙ.
659 126 813 169 const.
848 126 903 168 de
934 127 1059 167 Eccl.
1124 124 1235 181 Cap.
1270 126 1328 167 11.
1387 125 1804 168 Commentationes
1840 126 1896 168 de
1927 128 2165 182 aliquibus
2197 129 2325 172 locis.

204 274 648 339 fundamentum,
691 289 790 342 per
831 289 1175 325 successores
1216 290 1343 325 suos
1383 289 1601 342 semper
1641 271 1823 338 vivit‘3
1870 277 1924 325 et
1965 273 2250 339 ,cathedra
2289 275 2475 343 Petri‘,

202 365 263 412 ut
292 360 367 412 ait
397 358 451 411 S.
482 358 806 411 Bachiarius
834 358 889 410 in
919 358 1202 429 Apologia
1229 357 1377 425 fidei,
1421 357 1540 426 ,hoc
1581 363 1681 425 est,
1723 357 1882 411 sedes
1911 358 2089 425 fidei‘3
2132 360 2239 428 vel,
2281 365 2341 413 ut
2367 362 2475 418 alia

202 444 564 514 plurimorum
588 442 819 495 Patrum
849 443 1205 496 disertissima
1234 442 1443 513 pariter
1470 427 1659 510 verba,
1690 460 1832 513 quae
1862 443 2011 515 apud
2039 444 2329 516 theologos
2356 465 2474 518 pas-

197 530 300 581 sim
340 534 650 595 recurrunt,
694 529 1035 595 omittantur,
1077 533 1303 582 auctore
1347 527 1400 582 S.
1443 527 1760 598 Augustino
1805 529 1916 599 (ep.
1963 529 2128 597 105.),
2172 530 2474 597 ,doctrinae

196 614 456 667 salutaris
492 613 792 666 cathedra‘.
846 614 904 667 Si
934 631 1085 682 ergo,
1129 619 1189 666 ut
1215 613 1564 667 verissimum
1594 618 1693 683 est,
1735 614 1792 666 in
1833 614 2016 667 allatis
2056 614 2187 668 fidei
2227 614 2481 673 formulis·

196 717 376 752 sermo
421 699 487 751 de
529 699 815 752 Pontificis
858 699 1095 752 Romani
1138 699 1390 752 Primatu
1441 698 1712 765 habetur,
1768 698 2121 753 definiendae
2162 701 2475 770 pontificiae

197 784 611 837 infallibilitatis
652 784 821 837 thesis
864 803 974 837 non
1017 784 1367 851 convellitur,
1409 784 1506 837 sed
1547 785 1801 855 apprime
1843 784 2140 839 stabilitur.

349 872 432 937 „2.
476 870 548 922 Vi
588 875 739 923 caret
779 871 1072 940 exceptio,
1127 871 1282 940 quasi
1323 888 1422 939 per
1464 870 1708 940 allegata
1749 888 1821 922 ex
1863 870 1991 924 fidei
2033 870 2285 925 formulis
2326 874 2471 927 testi·
2545 884 2548 886 “

196 958 381 1009 monia
420 957 488 1009 sit
544 956 770 1026 quidem
826 956 1140 1008 inerrabilis
1182 955 1437 1009 Romana
1477 956 1758 1023 Ecclesia,
1816 974 1923 1009 non
1969 962 2153 1010 autem
2194 957 2476 1013 Romanus

194 1040 476 1094 Pontifex,
557 1041 715 1094 Haec
758 1042 905 1093 enim
948 1041 1243 1106 distinctio,
1288 1059 1396 1111 qua
1437 1041 1723 1094 Ecclesiae
1766 1042 1854 1094 vel
1897 1041 2028 1095 Sedi
2069 1042 2355 1097 Romanae
2396 1062 2476 1097 as·

193 1131 514 1179 sererentur
554 1128 995 1197 praerogativae,
1040 1144 1181 1196 quae
1210 1126 1464 1179 Romano
1495 1126 1754 1180 Pontifici
1797 1127 2225 1198 denegarentur,
2267 1129 2474 1199 liquido

194 1213 529 1277 excluditur,
572 1231 741 1283 quum
783 1214 839 1264 in
867 1212 1232 1283 Lugdunensi
1263 1212 1503 1266 formula
1539 1212 1770 1278 dicatur,
1814 1213 2139 1279 ,Ecclesiam
2167 1213 2474 1268 Romanam

310 1341 321 1352 .
362 1300 419 1351 in
461 1298 622 1352 beato
668 1299 835 1351 Petro
881 1342 890 1351 .
935 1342 944 1351 .
990 1342 1000 1352 .
1046 1299 1202 1351 cuius
1243 1298 1530 1351 Romanus
1572 1298 1841 1352 Pontifex
1885 1304 1967 1352 est
2006 1316 2308 1368 successor,
2352 1342 2364 1354 .
2407 1344 2418 1355 .
2461 1344 2472 1355 .

197 1385 471 1454 recepisse
513 1403 787 1437 summum
831 1390 885 1437 et
927 1385 1152 1455 plenum
1184 1384 1492 1437 Primatum
1535 1385 1687 1450 etcf,
1730 1384 1785 1437 in
1827 1384 2065 1438 formula
2106 1390 2291 1439 autem
2330 1385 2473 1440 Hor-

196 1470 422 1537 misdae,
465 1471 894 1538 ,immaculatam
936 1471 1144 1524 servari
1171 1470 1503 1540 religionem
1531 1472 1587 1523 in
1616 1469 1760 1525 Sede
1790 1470 2152 1541 Apostolica‘,
2193 1472 2404 1525 scilicet
2440 1491 2472 1525 (ι
2547 1469 2548 1473 ’

194 1555 462 1609 Romanis
519 1557 575 1608 in
631 1556 726 1608 illa
782 1556 1103 1609 sedentibus
1145 1556 1541 1623 Pontificibus,
1600 1575 1769 1627 quum
1820 1557 1901 1610 his
1952 1557 2162 1628 pariter
2212 1557 2270 1609 in
2311 1557 2472 1611 beato

194 1642 361 1696 Petro
406 1642 615 1694 dictum
656 1642 756 1694 sit:
807 1642 891 1693 Tu
936 1659 993 1694 es
1034 1643 1235 1694 Petrus
1279 1647 1384 1694 etc.

345 1727 522 1795 „Tum
564 1745 696 1781 vero
750 1727 846 1780 illa
901 1729 1021 1797 ipsa
1071 1745 1365 1798 perperam
1417 1727 1669 1780 adhibita
1710 1727 2015 1792 distinctio,
2072 1729 2138 1782 de
2181 1747 2289 1800 qua
2328 1728 2473 1783 Hor*-

191 1812 401 1866 misdae
454 1830 517 1866 ac
560 1813 795 1867 Concilii
850 1813 1193 1867 oecumenici
1236 1813 1399 1866 VIII.
1457 1819 1512 1866 et
1562 1812 1957 1883 Lugdunensis
1997 1813 2074 1869 II.
2130 1814 2473 1886 temporibus
2546 1864 2548 1867 .

192 1917 354 1952 nemo
397 1905 547 1953 certe
590 1899 889 1969 cogitabat,
932 1900 988 1951 in
1030 1899 1313 1970 proposito
1356 1899 1635 1952 schemate
1676 1906 1870 1970 aperte
1913 1899 2262 1967 excluditur,
2305 1918 2471 1971 quunt.

190 1984 246 2036 in
288 1984 528 2038 formula
570 1985 905 2039 definitionis
960 1984 1164 2038 diserte
1208 1984 1507 2053 efferatur,
1562 1984 1897 2052 ,Romanum
1938 1985 2289 2040 Pontificem‘
2333 2004 2464 2041 esse.

189 2070 284 2140 qui
326 2089 425 2141 per
467 2071 704 2141 Spiritus
747 2071 937 2125 Sancti
979 2071 1351 2124 assistentiam
1394 2071 1462 2124 ab
1506 2088 1693 2124 errore
1736 2071 1996 2124 immunis
2041 2073 2292 2125 exsistat.

344 2160 426 2224 „3.
479 2155 678 2227 Neque
735 2155 872 2209 illud
928 2157 1040 2209 vim
1107 2156 1310 2221 habet,
1371 2156 1520 2227 quod
1567 2163 1892 2227 opponunt,
1954 2157 2015 2210 in
2081 2157 2262 2211 allatis
2318 2157 2466 2211 vide·

189 2242 319 2295 licet
359 2242 755 2312 Lugdunensis
799 2242 1033 2296 Concilii
1086 2242 1270 2294 verbis
1323 2242 1430 2295 dici
1474 2241 1730 2313 quidem,
1786 2242 2115 2296 Pontificem
2155 2243 2467 2296 Romanum

189 2328 366 2381 teneri
409 2346 560 2398 ,prae
604 2328 801 2381 ceteris
843 2327 970 2380 fidei
1011 2328 1304 2381 veritatem
1340 2327 1681 2395 defendere‘,
1722 2326 1821 2381 sed
1863 2346 1974 2381 non
2015 2328 2124 2381 dici
2166 2329 2467 2396 ,seorsum‘.

188 2413 488 2467 Enimvero

340 2500 425 2568 „a)
471 2518 649 2571 neque
693 2500 892 2553 dicitur
933 2518 1063 2567 ,una
1105 2518 1230 2553 cum
1272 2500 1521 2566 ceteris‘3

342 2584 431 2653 „b)
476 2590 557 2638 est
598 2585 821 2655 quidem
851 2603 1062 2647 verum,
1103 2603 1271 2655 quum
1303 2585 1503 2637 dicitur
1546 2601 1697 2655 ,prae
1741 2584 1974 2652 ceteris‘,
2018 2602 2127 2637 non
2169 2584 2465 2655 significari

186 2669 547 2737 divisionem3
590 2675 782 2724 atvero
825 2671 1169 2741 significatur
1211 2670 1506 2735 distinctio,
1549 2676 1606 2722 et
1634 2669 1858 2739 quidem
1901 2687 2025 2722 cum
2068 2670 2463 2740 praecellentia

184 2772 284 2808 seu
326 2756 748 2826 praerogativa,
795 2774 934 2826 quae
977 2773 1208 2823 ,summo
1262 2761 1317 2808 et
1357 2755 1522 2826 pleno
1566 2754 1840 2807 Primatui
1882 2759 1937 2807 et
1977 2755 2341 2826 Principatui‘
2383 2772 2463 2808 re-

184 2841 490 2912 spondeat,
535 2860 814 2913 quumque
844 2842 1085 2909 additur,
1127 2860 1278 2912 ,prae
1316 2842 1514 2895 ceteris
1556 2842 1735 2894 teneri
1776 2840 1906 2893 fidei
1936 2841 2229 2895 veritatem
2273 2841 2462 2895 defen-

186 2926 355 2993 dere‘,
398 2946 508 2980 non
549 2928 919 2997 significatur,
977 2928 1137 2979 istam
1179 2927 1629 2998 praerogativam
1670 2926 1727 2978 in
1770 2925 1897 2978 fidei
1938 2925 2262 2979 defensione
2305 2943 2462 2979 exer-

183 3014 298 3066 ceri
338 3013 407 3066 ab
449 3031 532 3080 ec,
576 3014 668 3083 qui
709 3032 741 3067 a
782 3013 980 3066 ceteris
1021 3013 1241 3066 exsistit
1279 3018 1569 3084 separaum,
1622 3011 1721 3065 sed
1763 3012 1856 3082 qui
1895 3012 2027 3065 citra
2065 3017 2110 3065 et
2145 3030 2312 3082 supra
2351 3017 2463 3065 cete-

182 3116 268 3151 ros
309 3099 365 3150 in
407 3098 536 3151 fidei
579 3100 757 3152 causis
798 3100 904 3168 aqi&
945 3105 998 3151 et
1038 3098 1252 3151 iudicat.
1331 3098 1398 3151 Id
1441 3097 1589 3169 quod

335 3186 418 3253 „c)
458 3185 669 3255 liquido
713 3190 867 3255 patet
908 3203 980 3237 ex
1022 3185 1192 3237 inciso
1235 3185 1520 3255 sequenti:
1565 3184 1674 3252 ,Sic
1716 3190 1771 3237 et
1812 3184 1856 3237 si
1896 3201 2036 3254 quae
2080 3185 2220 3250 etc.‘,
2264 3182 2460 3253 quibus

183 3269 470 3323 Romanus
510 3270 780 3323 Pontifex
821 3270 1164 3340 significatur
1205 3270 1478 3323 distinctus
1518 3288 1549 3322 a
1590 3270 1815 3336 ceteriS,
1862 3270 2006 3321 inter
2048 3286 2183 3339 quos
2225 3267 2460 3321 suboriri

184 3358 394 3426 possint
436 3356 504 3409 de
546 3356 653 3409 fide
697 3357 1082 3426 quaestiones3
1127 3362 1181 3409 et
1221 3356 1564 3426 significatur
1606 3355 1801 3408 iisdem
1828 3356 2086 3424 superior,
2128 3372 2362 3425 quorum
2393 3352 2458 3406 de

184 3441 290 3495 fide
335 3442 690 3512 quaestiones
732 3442 850 3513 ipse
894 3460 991 3494 suo
1033 3442 1237 3495 iudicio
1283 3442 1526 3496 definiat.

336 3527 634 3596 „Quamvis
674 3528 845 3598 igitur
888 3546 986 3599 per
1016 3528 1261 3597 phrasim
1289 3527 1725 3598 Lugdunensem
1767 3544 1877 3580 non
1917 3525 2211 3592 indicetur,
2253 3524 2456 3578 Roma-

182 3631 313 3665 num
354 3614 682 3667 Pontificem
725 3631 827 3668 ceu
869 3619 1035 3684 caput
1075 3632 1108 3666 a
1149 3615 1348 3666 ceteris
1394 3631 1497 3667 ceu
1537 3630 1766 3683 corpore
1821 3629 1939 3665 esse
1983 3616 2302 3682 separatum
2342 3610 2456 3663 sive

180 3698 436 3765 divisum,
479 3705 669 3771 aperte
712 3704 898 3752 tamen
939 3699 1231 3766 indicatur,
1274 3699 1512 3752 eundem
1555 3697 1739 3768 quoad
1779 3702 1933 3750 actus
1975 3696 2268 3768 quosdam,
2312 3693 2457 3766 quod

181 3789 330 3836 certe
373 3785 565 3854 capitis
607 3790 706 3849 est,
749 3803 780 3837 a
821 3785 1020 3837 ceteris
1062 3802 1181 3838 esse
1213 3784 1549 3852 distinctum,
1593 3784 1835 3853 itemque
1866 3781 2063 3836 iisdem
2098 3781 2453 3852 superiorem,

181 3866 257 3919 ita
299 3873 359 3919 ut
399 3869 567 3922 ceteri
608 3869 879 3922 eiusmodi
919 3876 1073 3922 actus
1113 3878 1209 3922 aut
1251 3870 1566 3923 nullatenus
1608 3868 1878 3936 habeant,
1920 3873 2014 3921 aut
2055 3867 2297 3920 obnoxie
2338 3870 2455 3918 tan-

181 3957 300 4004 tum
343 3958 397 4005 et
439 3953 822 4024 dependenter
864 3973 895 4006 a
935 3954 1190 4007 Romano
1234 3955 1504 4008 Pontifice
1546 3952 1899 4007 exerceant.“
