2548 4290
40 233 278 275 Discussio
303 244 423 286 spec.
448 233 493 271 in
518 230 681 283 Congr.
713 242 810 283 gen.
858 229 1033 270 Monita
1056 227 1243 268 adiecta.
1271 249 1322 256 -
1357 227 1594 267 Discussio
1620 225 1777 265 ultima
1800 226 1941 264 totius
1967 222 2120 264 Const.
2187 221 2251 272 27

42 374 328 443 suffragiis,
406 372 716 427 Secundum
756 372 1164 425 emendationes
1203 370 1269 423 ab
1309 370 1374 422 iis
1416 368 1746 437 approbatas
1785 366 2111 419 reformatae
2152 365 2257 417 sin-

41 458 201 526 gulae
252 461 432 526 partes
472 456 970 525 Congregationum
1020 455 1357 523 generalium
1410 451 1682 520 suffragiis
1732 451 1928 502 iterum
1980 449 2256 501 subiectae

42 546 210 594 erant.
251 540 526 605 Restabat,
553 545 612 591 ut
632 539 974 604 Constitutio,
1017 556 1153 608 quae
1176 555 1273 608 per
1298 542 1479 607 partes
1510 534 1812 605 approbata
1840 540 1971 599 erat,
2011 534 2118 586 iam
2146 537 2258 584 tota

42 622 464 693 Congregationi
503 622 745 692 generali
785 627 1208 690 proponeretur,
1248 621 1303 672 id
1343 619 1505 688 quod,
1545 624 1604 669 ut
1643 618 1846 685 supral
1884 617 2134 682 vidimuS,
2174 632 2258 666 so-

40 706 289 758 lemniori
326 705 484 757 modo
523 706 598 757 ita
636 705 753 757 fieri
793 704 1041 769 debebat,
1092 709 1152 755 ut
1191 703 1390 771 singuli
1419 702 1611 753 Patres
1651 717 1784 752 voce
1824 701 1935 752 sive
1981 697 2257 765 „Placet“,

39 789 151 841 sive
196 788 352 854 „Non
389 789 622 856 placet“,
672 789 785 840 sive
831 788 1052 854 „Placet
1090 788 1246 838 iuxta
1286 785 1558 850 modum“,
1601 783 1729 853 quid
1770 784 2049 847 sentirent,
2090 799 2259 833 enun-

40 872 255 925 tiarent.
331 871 524 941 Itaque
572 872 627 923 in
683 872 873 924 eadem
922 871 1016 922 illa
1057 870 1496 939 Congregatione
1546 867 1790 936 generali
1843 866 2260 936 quadragesima

41 954 251 1024 quinta,
312 972 417 1024 qua
456 954 674 1007 tertium
727 960 781 1007 et
830 959 1078 1023 quartum
1120 958 1281 1022 caput-
1321 969 1442 1003 cum
1486 951 1781 1003 canonibus
1822 956 1874 1002 et
1914 949 2259 1002 conclusione

40 1037 203 1090 totius
244 1036 654 1090 Constitutionis
705 1056 802 1107 per
839 1044 1022 1107 partes
1070 1035 1429 1106 approbatum
1484 1052 1599 1087 esse
1641 1034 1900 1100 vidimus,
1956 1032 2258 1086 sententiae

39 1120 265 1172 Patrum
307 1121 373 1173 de
401 1127 513 1173 tota
542 1121 942 1174 Constitutione
971 1120 1284 1173 solemniori
1311 1119 1405 1171 illo
1433 1118 1593 1171 modo
1624 1123 1847 1186 rogatae
1875 1123 2016 1169 sunt.
2072 1116 2259 1182 „Iussu

38 1202 329 1270 PraesidiS,
369 1204 487 1256 Effii
517 1203 821 1257 Cardinalis
849 1204 915 1256 de
944 1203 1191 1272 AngeliS,
1233 1202 1460 1254 Concilii
1491 1201 1929 1254 Subsecretarius
1970 1199 2259 1252 ambonem

40 1286 408 1339 conscendens
458 1305 621 1356 super
670 1288 885 1355 integra
935 1286 1334 1339 Constitutione
1387 1284 1446 1337 de
1487 1284 1599 1352 fide
1648 1284 1888 1336 catholica
1939 1282 2260 1335 nominatim

41 1369 280 1439 singulos
320 1370 509 1440 Patres
550 1371 704 1423 iuxta
745 1370 1024 1438 dignitatis
1066 1376 1118 1421 et
1159 1369 1513 1439 promotionis
1554 1368 1799 1420 ordinem
1839 1368 2079 1436 rogavit,
2132 1383 2261 1435 quo·

38 1469 158 1505 rum
211 1453 314 1504 515
364 1453 609 1505 absolute
660 1453 884 1520 ‚Placet‘
936 1453 1361 1523 responderunt,
1419 1454 1486 1504 83
1540 1452 1748 1517 ,Placet
1797 1452 1952 1503 iuxta
2006 1449 2262 1514 modum‘,

40 1535 76 1589 i.
117 1552 163 1587 e.
202 1534 511 1588 conditione
552 1537 732 1606 aliqua
772 1536 1009 1602 adiecta,
1051 1554 1212 1605 quam
1252 1536 1449 1605 scripto
1490 1534 1634 1587 illico
1677 1534 2046 1599 tradiderunt,
2102 1549 2261 1584 nemo

40 1635 170 1671 vero
211 1618 352 1683 ,Non
393 1620 587 1689 placet‘
629 1618 856 1672 dixit.“²

187 1701 536 1755 Conditiones
587 1703 653 1756 ab
703 1704 767 1755 iis
820 1705 1127 1772 propositae
1148 1702 1183 1769 3,
1237 1704 1327 1773 qui
1386 1702 1609 1769 „Placet
1663 1703 1818 1754 iuxta
1870 1700 2123 1754 modum“
2179 1716 2262 1751 re-

41 1786 394 1855 sponderunt,
437 1806 468 1839 a
508 1786 859 1856 deputatione
900 1788 954 1839 in
979 1788 1245 1857 vigesima
1272 1787 1502 1854 septima
1542 1787 1779 1838 sessione
1811 1785 1885 1852 (d.
1920 1788 2002 1838 16.
2031 1783 2260 1854 Aprilis)

42 1869 522 1934 examinabantur,
573 1876 735 1940 atque
775 1872 830 1922 in
871 1870 1310 1940 Congregatione
1366 1870 1609 1939 generali
1650 1870 2068 1938 quadragesima
2107 1872 2263 1920 sexta

42 1952 115 2018 (d.
148 1954 229 2005 19.
257 1952 487 2022 Aprilis)
528 1954 849 2006 relationem
878 1955 944 2006 de
972 1955 1035 2005 iis
1065 1954 1255 2006 habuit
1280 1953 1582 2022 Episcopus
1609 1953 1952 2004 Brixinensis
1972 1952 2009 2005 ⁴.
2065 1952 2263 2005 Paucis

42 2036 156 2105 agit
196 2036 263 2087 de
302 2037 383 2103 iis,
424 2054 561 2106 quae
600 2037 667 2089 ad
709 2039 889 2090 stilum
931 2038 1244 2090 referuntur
1261 2037 1299 2104 ⁵,
1340 2042 1393 2089 et
1433 2037 1499 2089 de
1540 2038 1621 2105 iis,
1662 2037 1727 2089 de
1768 2037 1962 2105 quibus
2003 2037 2264 2105 suffragia

41 2119 267 2172 Patrum
305 2119 411 2172 iam
452 2120 560 2172 lata
601 2127 756 2173 erant
772 2120 808 2172 ⁶.
856 2121 940 2174 De
982 2122 1100 2173 aliis
1128 2121 1431 2174 accuratius
1461 2120 1688 2174 disserit.
1742 2120 1894 2173 Duas
1923 2120 2264 2190 recipiendas

40 2202 294 2255 Patribus
335 2204 693 2270 commendat,
736 2205 1174 2257 emendationem
1207 2205 1525 2273 vigesimam
1565 2206 1780 2256 tertiam
1803 2204 1836 2270 ⁷,
1880 2223 1986 2273 qua
2025 2204 2264 2274 postula-

41 2285 215 2353 batur,
257 2292 316 2339 ut
355 2288 409 2339 in
449 2287 600 2339 initio
642 2289 831 2357 capitis
872 2288 1032 2358 primi
1072 2306 1168 2355 pro
1215 2288 1447 2353 „Sancta
1487 2288 1734 2340 Romana
1774 2289 2037 2340 catholica
2076 2288 2266 2341 Eccle-

41 2369 149 2422 sia“
181 2375 476 2439 poneretur
498 2370 728 2437 „Sancta
760 2372 1025 2424 catholica
1049 2372 1368 2440 Apostolica
1388 2371 1635 2423 Romana
1652 2372 1931 2423 Ecclesia“
1952 2371 1989 2438 8,
2017 2376 2070 2425 et
2098 2389 2265 2424 nona-

43 2453 300 2523 gesimam
328 2472 527 2506 nonam
556 2472 675 2506 cum
706 2455 928 2507 dimidio
949 2454 985 2522 ⁹,
1026 2473 1131 2524 qua
1158 2455 1504 2521 suadebatur,
1548 2461 1608 2507 ut
1651 2457 1843 2508 canoni
1882 2457 2043 2508 tertio
2073 2457 2265 2525 capitis

41 2537 263 2590 secundi
303 2537 597 2590 adderetur
640 2545 726 2605 „et
751 2539 1175 2608 perfectionem“
1201 2537 1262 2590 ¹⁰.
1311 2539 1463 2599 Quae
1494 2538 1713 2607 quidem
1742 2539 1880 2592 duae
1911 2540 2265 2609 exceptiones

42 2638 74 2673 a
111 2620 363 2672 Patribus
401 2621 884 2688 recipiebanturss.

186 2703 327 2756 Fere
368 2705 730 2774 quadraginta
768 2705 1120 2774 exceptiones
1148 2705 1528 2757 referebantur
1569 2706 1636 2757 ad
1663 2706 2064 2759 conclusionem
2100 2707 2265 2759 totius

44 2786 472 2855 Constitutionis,
513 2805 740 2857 quarum
781 2788 899 2840 aliis
940 2789 1286 2852 suadebatur,
1326 2795 1385 2840 ut
1426 2789 1700 2840 conclusio
1728 2789 2087 2855 omitteretur,
2128 2789 2264 2855 aliis,

41 2876 102 2924 ut
138 2877 468 2938 mutaretur,
519 2872 664 2939 aliis,
715 2876 774 2924 ut
813 2872 881 2923 ad
922 2872 1084 2923 finem
1136 2873 1358 2924 alterius
1400 2872 1810 2924 Constitutionis
1861 2873 2263 2938 transferretur,

41 2956 182 3024 quod
226 2973 288 3007 eo
328 2956 501 3024 magis
552 2956 746 3006 mirum
787 2955 960 3007 videri
1002 2955 1192 3021 debet,
1245 2956 1389 3024 quod
1429 2957 1482 3007 in
1524 2955 1852 3008 discussione
1894 2957 2115 3026 speciali
2156 2961 2266 3009 tres

40 3038 214 3091 solum
255 3038 661 3091 emendationes
714 3038 781 3090 de
822 3056 885 3090 ea
924 3039 1233 3108 propositae
1285 3045 1438 3091 erant
1494 3046 1546 3091 et
1587 3058 1772 3091 earum
1813 3040 1928 3092 sola
1967 3058 2075 3092 una
2114 3045 2265 3111 pete-

42 3121 216 3188 batur,
255 3128 315 3173 ut
355 3123 626 3175 conclusio
668 3140 731 3175 eo
772 3122 890 3174 loco
933 3123 1291 3174 omitteretur.
1356 3123 1655 3191 Deputatio
1698 3124 2098 3176 conclusionem
2139 3125 2264 3176 reti-

42 3205 275 3257 nendam
317 3224 433 3259 esse
474 3206 730 3259 censebat
773 3222 874 3257 nec
916 3206 1251 3258 conditiones
1294 3207 1704 3276 proponendaS,
1747 3209 2001 3276 quoniam
2042 3207 2111 3259 ad
2150 3226 2264 3260 rem

192 3349 206 3375 ¹
245 3350 614 3411 Prolegomena
648 3351 689 3399 I.
736 3367 783 3413 p.
821 3353 865 3400 6.
1043 3350 1059 3377 ²
1096 3350 1228 3398 Acta
1277 3357 1370 3398 etc.
1444 3351 1498 3401 O.
1545 3353 1607 3401 V.
1646 3354 1800 3402 739a.
1868 3355 1946 3401 Ex
1994 3356 2120 3402 actis
2170 3359 2265 3403 etc.

44 3422 100 3472 C.
136 3423 198 3471 V.
238 3427 417 3472 1678a.
490 3425 566 3474 Cf.
602 3427 721 3476 ibid.
758 3432 930 3475 notam
972 3428 1012 3474 1.
1193 3425 1208 3453 ³
1247 3427 1301 3476 C.
1338 3428 1399 3476 V.
1438 3430 1575 3477 2191)
1614 3445 1722 3492 sqq.

189 3498 208 3526 ⁴
243 3500 444 3549 Relatio
484 3507 581 3551 etc.
651 3502 705 3550 O.
741 3502 805 3550 V.
842 3504 973 3549 2320
1011 3517 1122 3564 sqq.
1188 3503 1267 3550 Ex
1303 3505 1429 3551 actis
1468 3508 1563 3552 etc.
1635 3505 1688 3553 C.
1726 3505 1787 3554 V.
1827 3508 1917 3553 739
1935 3507 1980 3553 b.

191 3573 206 3601 ⁵
243 3575 443 3625 Relatio
480 3581 575 3626 etc.
645 3577 699 3626 O.
736 3577 798 3625 V.
836 3579 929 3624 235
945 3593 987 3626 c.
1164 3577 1180 3605 ⁶
1217 3580 1346 3627 Ibid.
1418 3579 1473 3628 O.
1508 3580 1571 3628 V.
1608 3581 1700 3627 235
1717 3581 1763 3629 d.

188 3650 207 3675 ”¹
244 3651 638 3701 Emendationes
675 3658 769 3702 etc.
839 3652 894 3700 O.
929 3653 992 3702 V.
1028 3655 1120 3700 223
1137 3669 1179 3702 c.

189 3723 205 3752 ⁸
240 3725 439 3774 Relatio
489 3732 584 3776 etc.
651 3728 708 3777 C.
741 3729 804 3775 V.
841 3728 981 3775 234d
1020 3743 1127 3790 sqq.
1198 3728 1339 3784 Quae
1387 3734 1531 3778 tanta
1577 3732 1733 3779 fuerit
1780 3732 1840 3778 de
1888 3731 2062 3793 primis
2098 3733 2265 3781 verbis

46 3800 223 3861 capitis
260 3802 407 3862 primi
446 3803 737 3865 disputatio,
774 3819 819 3852 v.
856 3804 988 3850 infra
1023 3819 1132 3865 cap.
1170 3804 1239 3850 II.
1278 3810 1543 3854 comment.
1580 3807 1620 3854 I.

188 3875 204 3903 ⁹
239 3877 633 3925 Emendationes
671 3883 770 3926 etc.
840 3879 895 3928 O.
930 3879 995 3928 V.
1030 3880 1185 3927 22910.
1368 3880 1405 3907 ¹⁰
1440 3881 1640 3928 Relatio
1679 3885 1774 3929 etc.
1824 3881 1877 3930 C.
1906 3882 1966 3930 V.
1996 3884 2131 3930 2430
2156 3898 2266 3945 sqq.

176 3950 215 3978 ¹¹
251 3951 379 4000 Ibid.
450 3952 503 4001 O.
540 3953 599 4000 V.
639 3954 730 4001 245
746 3970 787 4003 c.
