2548 4290
0 117 2 121 .
25 110 52 127 ἐξ»

28 165 43 179 ι,“

168 137 409 180 Comment.
442 136 569 178 VIII.
624 136 704 179 SS.
737 136 972 178 Pontificis
1003 135 1318 187 infallibilitas,
1352 149 1458 177 num
1490 139 1752 191 personalis,
1785 143 1992 191 separata
2022 146 2103 182 etc.
2183 137 2282 187 189

31 276 37 341 J
67 285 245 351 solum,
283 300 356 335 sc.
386 281 639 335 Summus
666 279 945 345 PontifeX,
987 280 1138 332 cuius
1177 280 1344 350 ipsius
1370 280 1732 334 infallibilitas
1773 299 1893 334 cum
1933 284 2286 337 universitate

35 361 461 438 ⁷Episcoporum
515 364 603 416 vel
662 380 783 414 cum
845 362 1089 415 Concilio
1146 363 1496 416 oecumenico
1553 366 1975 419 communicetur
2008 369 2040 418 ¹.
2131 368 2286 420 Haec

70 450 239 503 altera
296 448 478 517 opinio
533 447 677 499 clare
733 447 1042 498 continetur
1091 447 1146 498 in
1196 446 1575 499 emendatione
1632 448 1862 517 quadam
1913 450 1968 501 in
2016 451 2286 503 tricesima

69 550 210 586 nona
248 532 487 583 sessione
528 529 894 598 deputationis
936 530 1002 582 de
1042 530 1148 582 fide
1190 530 1494 599 proposita:
1540 530 1725 595 „Quae
1768 530 2145 599 [infallibilitas
2186 533 2287 586 Ec-

31 615 33 617 ’
67 613 319 682 clesiae],
374 614 510 666 sicut
548 614 602 664 in
641 614 758 682 ipsa
797 614 1011 665 nonnisi
1053 613 1119 665 ob
1162 614 1597 665 coniunctionem
1637 632 1757 666 cum
1798 633 1894 667 suo
1935 617 2138 684 capite,
2177 617 2285 669 Ro-

69 715 224 751 mano
265 697 546 761 Pontifice,
600 697 837 762 exsistit,
893 697 969 748 ita
1008 697 1062 748 in
1102 697 1274 766 ipsam
1314 715 1344 748 a
1385 696 1616 748 Romani
1658 697 1934 750 Pontificis
1974 700 2286 768 magisterio

67 780 370 833 infunditur
413 785 583 849 atque
632 780 852 831 unicum
906 780 1149 832 eiusdem
1208 780 1484 832 constituit
1537 779 1937 833 infallibilitatis
1993 780 2288 835 donum.“²

67 863 192 916 Huc
231 862 423 915 referri
463 868 642 931 potest
683 863 845 915 etiam
887 862 1193 915 emendatio
1234 864 1635 931 septuagesima
1675 864 1912 916 secunda
1951 865 2005 915 in
2047 865 2287 933 Congre-

67 947 285 1017 gatione
332 946 575 1015 generali
633 946 941 1016 proposita:
1010 945 1311 1012 „Quoniam
1367 963 1495 997 vero
1550 946 1908 998 infallibilitas
1964 947 2154 999 eadem
2208 953 2289 999 est

66 1028 235 1100 quoad
281 1029 580 1096 subiectum,
632 1029 743 1081 sive
796 1034 1070 1099 spectetur
1120 1029 1177 1080 in
1226 1029 1459 1080 Romano
1508 1029 1752 1097 Pontifiee
1799 1035 2055 1099 tanquam
2110 1031 2284 1099 capite

67 1112 344 1166 Ecclesiae
383 1115 482 1166 sive
519 1115 575 1165 in
613 1114 821 1182 reliquis
848 1113 1095 1165 Ecclesiae
1122 1113 1415 1181 pastoribus
1452 1130 1565 1164 eum
1606 1116 1762 1182 eapite
1799 1116 1958 1166 unitis
1995 1121 2037 1167 ei
2075 1115 2288 1167 docenti-

67 1197 172 1262 buS,
213 1197 512 1267 eademque
539 1198 716 1267 quoad
746 1198 1044 1250 obiectum:
1085 1198 1307 1267 insuper
1337 1198 1636 1262 definimus,
1677 1199 1815 1250 hanc
1843 1198 2284 1250 infallibilitatem

70 1278 299 1348 [Summi
338 1280 639 1349 Pontificis]
690 1299 789 1333 esse
836 1299 995 1333 unam
1034 1280 1339 1350 ecaidemque
1391 1298 1506 1332 eum
1545 1282 1911 1349 infallibilitate
1947 1282 2242 1333 Ecclesiae.“
2268 1279 2288 1312 3

68 1363 283 1433 Aliquis
321 1382 349 1416 e
391 1364 673 1430 Patribus,
721 1365 810 1434 qui
850 1365 988 1416 hanc
1030 1364 1331 1416 doctrinam
1372 1365 1722 1416 reiiciendam
1762 1365 2005 1435 putabat,
2049 1365 2287 1429 timebat,

68 1463 134 1498 ne
184 1446 546 1499 deduceretur
588 1465 615 1499 e
657 1447 1069 1500 Constitutionis
1120 1447 1325 1499 verbis:
1384 1448 1721 1514 „Romanum
1763 1448 2110 1513 Pontificem,
2167 1465 2286 1498 cum

67 1547 136 1582 ex
179 1529 451 1583 Cathedra
499 1532 739 1601 loquitur
780 1572 790 1583 .
836 1573 845 1583 .
891 1572 900 1582 .
940 1549 998 1583 ea
1047 1530 1434 1584 infallibilitate
1486 1532 1721 1601 pollere,
1775 1550 1879 1601 qua
1932 1531 2144 1583 divinus
2181 1531 2288 1583 Re-

31 1615 34 1617 ’
68 1613 317 1683 demptor
355 1614 658 1667 Ecclesiam
700 1633 852 1666 suam
895 1657 904 1667 .
949 1656 958 1665 .
1003 1656 1012 1665 .
1055 1615 1373 1667 instructam
1415 1632 1530 1667 esse
1566 1616 1768 1667 voluit“
1793 1615 1829 1665 4.
1883 1615 2081 1681 Quare,
2124 1633 2287 1684 quum

67 1696 132 1750 de
172 1702 286 1750 toto
325 1698 599 1751 schemate
651 1698 910 1767 suffragia
950 1700 1248 1763 ferrentur,
1303 1718 1422 1751 eam
1464 1717 1559 1751 suo
1605 1700 1859 1765 „Placet“
1919 1698 2285 1751 conditionem

67 1779 292 1847 adiecit,
347 1787 406 1834 ut
446 1782 537 1833 ille
578 1782 728 1834 locus
769 1789 1086 1835 mutaretur.
1165 1783 1504 1835 Sententiam
1544 1783 1721 1848 illam,
1762 1783 1939 1848 addit,
1981 1800 2090 1834 non
2130 1800 2286 1851 posse

66 1863 371 1917 subsistere.
454 1864 627 1930 „Nam
666 1866 721 1917 in
764 1866 1168 1918 definitionibus
1219 1884 1287 1917 ex
1329 1865 1604 1918 Cathedra
1653 1865 1950 1918 subiectum
1991 1864 2287 1917 infallibili·
2327 1879 2352 1921 ,ε’

65 1948 189 1999 tatis
230 1953 309 2000 est
336 1948 587 2001 Summus
615 1949 877 2001 Pontifex
918 1955 1157 2014 tantum;
1199 1950 1253 2001 in
1295 1949 1700 2002 definitionibus
1729 1949 2091 2002 Conciliorum
2131 1966 2287 2000 oecu-

67 2031 401 2084 menicorum
451 2032 751 2085 subiectum
806 2032 1208 2085 infallibilitatis
1262 2051 1360 2102 per
1415 2033 1633 2085 modum
1686 2035 1842 2084 unias
1896 2038 1976 2085 est
2026 2031 2286 2084 Pontifex

66 2130 188 2165 cum
237 2114 522 2185 Episcopis
574 2116 676 2184 ipsi
733 2116 1173 2169 adhaerentibus,
1260 2117 1478 2168 Etenim
1537 2117 1578 2168 si
1628 2116 1883 2185 Episcopi
1937 2116 1990 2166 in
2043 2115 2285 2167 Concilio

70 2199 420 2251 oecumenico
463 2200 631 2269 (quod
673 2218 830 2253 nemo
872 2201 1060 2269 negat)
1112 2206 1234 2252 sunt
1288 2200 1596 2266 eoniude'ees,
1647 2205 1770 2252 sunt
1822 2200 1983 2251 etiam
2022 2201 2287 2268 comparti-

65 2283 196 2350 cipes
235 2283 287 2333 in
328 2283 560 2335 solidum
603 2284 844 2336 eiusdem
886 2285 1300 2354 praerogativae
1341 2284 1619 2336 iudicandi
1660 2284 2048 2348 infallibiliter,
2092 2283 2145 2335 id
2188 2290 2284 2347 est,

67 2371 191 2417 sunt
239 2366 295 2417 in
336 2384 523 2419 eorum
566 2368 884 2438 compleXU,
937 2386 1060 2434 seu,
1116 2369 1193 2419 uti
1236 2368 1449 2433 dicunt,
1500 2369 1555 2419 in
1597 2386 1849 2437 corpore,
1905 2366 2286 2418 coinfallibiles

67 2464 189 2500 cum
230 2448 450 2503 Summo
479 2451 771 2516 Pontifice3
813 2469 942 2520 ergo
984 2453 1037 2502 in
1081 2452 1324 2504 Concilio
1367 2451 1711 2504 oecumenico
1753 2455 1807 2502 et
1845 2451 1900 2501 in
1943 2450 2174 2502 decretis
2216 2467 2286 2501 ex

70 2531 343 2585 Cathedra
382 2552 489 2585 non
529 2553 697 2587 unum
737 2536 1016 2605 idemque,
1069 2536 1164 2588 sed
1205 2536 1476 2587 diversum
1519 2541 1598 2587 est
1638 2534 2038 2585 infallibilitatis
2077 2534 2284 2585 subiec-

70 2615 280 2665 tu1n.“5
354 2616 532 2668 Etiam
574 2617 905 2687 Episcopum
945 2619 1327 2671 Brixinensem
1378 2618 1526 2669 illam
1567 2618 1918 2683 sententiam,
1971 2635 2076 2686 qua
2124 2634 2287 2668 unam

72 2697 374 2751 subiectum
414 2700 814 2753 infallibilitatis
855 2720 970 2754 esse
1009 2702 1220 2767 dicitur,
1261 2702 1487 2753 reiicere
1528 2701 1777 2753 vidimus,
1854 2700 2287 2752 Iurisdictionem

73 2780 203 2833 dicit
242 2800 362 2834 cum
403 2784 508 2836 alio
550 2786 936 2837 communicari
975 2803 1152 2855 posse,
1192 2785 1637 2837 infallibilitatem
1678 2802 1786 2835 non
1827 2801 1982 2852 posse
2004 2782 2039 2836 ⁶.

216 2868 399 2940 Atque
439 2871 494 2922 id
535 2872 753 2940 quidem
793 2872 1130 2924 verissimum
1172 2878 1267 2937 est,
1308 2872 1480 2941 ipsam
1508 2871 1948 2922 infallibilitatem
1990 2870 2044 2921 in
2086 2887 2141 2922 se
2171 2887 2289 2921 cum

72 2950 178 3003 alio
231 2955 616 3007 communicari
663 2973 769 3007 non
815 2973 988 3024 posse.
1066 2955 1258 3024 Neque
1299 2956 1441 3007 enim
1496 2972 1560 3006 ea
1600 2959 1838 3023 potestas
1891 2953 2157 3023 quaedam
2193 2971 2288 3005 seu

74 3035 303 3102 qualitas
342 3056 610 3107 personae
650 3038 940 3090 inhaerens
979 3056 1041 3090 ac
1081 3038 1459 3090 transferibilis
1499 3042 1608 3102 est,
1660 3037 1754 3089 sed
1795 3037 2017 3106 speciali
2057 3036 2288 3105 quadam

74 3119 382 3172 continetur
422 3121 527 3173 Dei
569 3121 707 3174 circa
747 3138 886 3187 eum,
930 3122 1015 3173 cui
1055 3122 1367 3173 immunitas
1407 3121 1472 3172 ab
1514 3138 1694 3173 errore
1729 3120 1990 3189 promissa
2018 3125 2113 3185 est,
2155 3119 2290 3187 vigi-

75 3202 242 3255 lantia
282 3208 336 3256 et
377 3205 699 3272 assistentia,
741 3222 847 3274 qua
887 3205 960 3271 fit,
1003 3211 1062 3257 ut
1101 3207 1144 3257 is
1184 3206 1250 3257 ab
1293 3223 1474 3257 errore
1504 3204 1755 3256 immunis
1795 3208 2039 3256 servetur
2060 3202 2094 3255 ⁷.
2147 3203 2288 3263 Quo-

218 3422 232 3449 ¹
269 3423 330 3469 V.
370 3439 524 3485 supra
557 3439 605 3485 p.
646 3425 751 3472 185.
928 3424 944 3452 ²
983 3424 1061 3470 Ex
1099 3424 1225 3470 actis
1262 3426 1358 3470 etc.
1418 3420 1472 3470 C.
1509 3422 1570 3469 V.
1611 3423 1733 3469 1682
1751 3422 1795 3468 d.

221 3497 236 3524 ³
273 3499 666 3548 Emendationes
704 3505 799 3548 etc.
869 3500 923 3548 C.
960 3499 1021 3545 V.
1059 3500 1211 3546 3831).

219 3573 239 3600 ⁴
272 3575 347 3621 Ea
384 3577 635 3624 sententia
673 3576 834 3623 solum
882 3574 1260 3622 infallibilitatis
1297 3574 1521 3621 obiectam
1557 3573 1799 3632 indicari,
1839 3573 2120 3620 videbimus
2158 3588 2289 3619 com-

75 3650 384 3697 mentatione
419 3652 512 3698 IX.

221 3724 237 3752 ⁵
273 3726 610 3789 Exceptiones
648 3731 742 3775 etc.
795 3726 849 3775 C.
885 3727 947 3774 V.
984 3727 1121 3773 456d
1159 3741 1230 3787 sq.
1408 3724 1425 3753 ⁶
1462 3725 1625 3786 Supra
1660 3741 1705 3785 p.
1747 3725 1853 3772 185.

224 3801 238 3826 ⁷
276 3801 554 3864 Propterea
590 3803 741 3850 etiam
765 3817 866 3850 vox
895 3802 1207 3863 „subiectum
1230 3798 1632 3848 infallibilitatis“
1662 3801 1824 3847 minus
1850 3805 1968 3861 apta
2003 3804 2095 3860 est,
2133 3816 2284 3861 quum

78 3877 411 3925 infallibilitas
446 3893 548 3925 non
583 3878 844 3926 inhaereat
879 3892 1127 3939 personae
1161 3877 1318 3923 veluti
1355 3876 1580 3923 subiecto
1616 3876 1938 3923 inhaesionis.
