2548 4290
772 168 883 209 Eius
916 181 1012 221 cap.
1045 168 1123 208 IV.
1179 169 1246 209 De
1278 168 1364 209 fide
1396 173 1439 209 et
1470 171 1653 209 ratione.
2249 169 2316 219 93

65 381 68 384 ·
254 311 347 380 [4.]
388 311 580 381 Neque
622 312 795 363 solum
833 311 967 363 fides
1008 317 1061 363 et
1111 312 1248 363 ratio
1288 312 1430 362 inter
1479 330 1535 364 se
1577 312 1835 364 dissidere
1884 329 2159 381 nunquam
2199 328 2320 378 pos-

111 401 249 462 sunt,
290 395 385 448 sed
425 413 582 465 opem
625 412 840 463 quoque
879 395 980 446 sibi
1020 401 1262 447 mutuam
1304 395 1502 460 ferunt,
1545 412 1666 446 cum
1690 400 1840 447 recta
1866 396 2004 447 ratio
2044 395 2172 447 fidei
2199 394 2319 445 fun-

112 480 361 532 damenta
400 478 750 543 demonstret,
793 478 1015 547 eiusque
1056 478 1260 530 lumine
1287 478 1555 529 illustrata
1595 496 1776 530 rerum
1807 478 2112 530 divinarum
2151 477 2320 529 scien-

108 563 237 615 tiam
293 561 533 625 excolat3
592 559 726 612 fides
780 578 911 612 vero
964 561 1231 613 rationem
1281 560 1348 611 ab
1405 561 1676 612 erroribus
1725 561 1922 613 liberet
1973 578 2036 612 ac
2086 564 2319 624 tueatur,

111 660 335 713 eamque
384 643 673 712 multiplici
724 644 1032 712 cognitione
1073 644 1320 694 instruat.
1399 643 1743 712 Quapropter
1782 647 1992 694 tantum
2032 643 2210 707 abest,
2261 647 2321 692 ut

108 726 351 781 Ecclesia
389 725 750 778 humanarum
790 728 986 778 artium
1027 732 1081 778 et
1109 727 1514 796 disciplinarum
1543 727 1785 778 culturae
1815 727 2054 792 obsistat,
2094 732 2154 777 ut
2182 725 2321 777 hanc

111 810 289 862 multis
327 809 499 861 modis
538 810 687 862 iuvet
736 815 898 879 atque
940 816 1273 879 promoveat.
1349 809 1474 861 Non
1524 811 1668 862 enim
1709 809 1991 862 commoda
2040 809 2106 861 ab
2148 810 2212 860 iis
2253 808 2322 860 ad

107 894 381 946 hominum
422 894 586 944 vitam
627 893 957 946 dimanantia
997 900 1090 945 aut
1129 894 1344 962 ignorat
1383 898 1477 945 aut
1518 893 1775 962 despicit3
1817 893 2020 944 fatetur
2046 894 2171 957 imo,
2213 909 2321 958 eas,

111 975 562 1047 quemadmodum
602 994 632 1027 a
671 976 808 1043 Dec,
849 977 1198 1029 scientiarum
1225 976 1479 1043 Domine,
1522 977 1800 1046 profectae
1840 983 1979 1042 sunt,
2020 977 2097 1027 ita
2137 976 2180 1027 si
2219 976 2319 1027 rite

110 1064 535 1130 pertractentur,
591 1059 659 1111 ad
699 1059 910 1125 Deum,
961 1060 1182 1112 iuvante
1224 1060 1337 1111 eius
1377 1060 1581 1129 gratia,
1640 1060 1957 1129 perducere.
2034 1058 2150 1111 Nec
2191 1075 2319 1109 sane

109 1144 225 1213 ipsa
262 1147 436 1206 vetat,
492 1160 559 1193 ne
600 1143 908 1194 huiusmodi
947 1143 1264 1211 disciplinae
1315 1143 1371 1193 in
1411 1161 1506 1194 suo
1549 1160 1795 1211 quaeque
1846 1143 2050 1194 ambitu
2090 1142 2322 1211 propriis

110 1230 327 1277 utantur
376 1225 655 1294 principiis
707 1230 760 1278 et
813 1226 1034 1296 propria
1088 1224 1373 1291 method03
1428 1226 1523 1277 sed
1572 1226 1769 1277 iustam
1817 1226 1957 1277 hanc
2009 1225 2319 1277 libertatem

111 1325 433 1378 agnoscenS,
474 1308 529 1359 id
567 1309 755 1361 sedulo
797 1315 979 1376 cavet,
1030 1327 1098 1361 ne
1139 1310 1355 1361 divinae
1398 1309 1675 1361 doctrinae
1717 1308 2072 1378 repugnando
2113 1326 2324 1360 errores

109 1394 163 1445 in
202 1410 257 1445 se
297 1393 616 1461 suscipiant,
670 1398 762 1445 aut
801 1393 934 1446 fines
976 1394 1220 1462 proprios
1260 1398 1655 1461 transgressae,
1696 1411 1785 1459 ea,
1842 1410 1979 1461 quae
2019 1397 2141 1444 sunt
2179 1392 2322 1456 fidei,

110 1480 373 1546 occupent
414 1482 467 1528 et
509 1477 831 1546 perturbent
853 1477 886 1528 ¹.

108 1634 253 1667 nemo
292 1624 393 1678 est,
445 1620 530 1680 qui
566 1620 794 1681 ignoret3
846 1636 938 1667 nec
974 1621 1139 1667 minus
1178 1624 1400 1678 constat,
1456 1620 1516 1665 ab
1553 1619 1808 1679 aliquibus
1846 1622 2090 1665 assertam
2129 1634 2239 1665 esse
2277 1623 2326 1666 et

109 1708 288 1755 magna
323 1695 648 1743 contentione
685 1697 943 1743 defensam
968 1697 1166 1757 plenam
1193 1696 1537 1743 autonomiam
1563 1701 1613 1741 et
1648 1694 2091 1756 independentiam
2116 1695 2327 1759 rationis

110 1785 139 1816 a
171 1770 268 1817 fide
302 1770 354 1817 in
390 1771 681 1818 excolendis
719 1773 943 1818 scientiis
979 1773 1067 1830 ita,
1104 1776 1161 1818 ut
1186 1773 1293 1833 ipsa
1318 1771 1599 1818 infallibilis
1638 1770 1889 1817 certitudo
1924 1771 2041 1817 fidei
2070 1774 2120 1817 et
2144 1786 2326 1818 munus

110 1846 363 1894 Ecclesiae
411 1848 652 1894 divinitus
700 1849 981 1895 iniunctum
1028 1849 1090 1894 ad
1143 1849 1423 1895 custodiam
1477 1847 1692 1908 depositi
1745 1862 1856 1893 cum
1907 1847 2006 1893 illis
2060 1848 2324 1894 sententiis

111 1921 386 1968 consistere
423 1938 523 1969 non
560 1928 746 1984 posset.
793 1924 933 1970 Haec
972 1929 1197 1971 assertae
1221 1924 1356 1970 illius
1382 1924 1776 1984 independentiae
1800 1923 1992 1969 indoles
2019 1938 2127 1969 sese
2159 1923 2327 1984 prodit

109 1997 160 2044 in
197 2013 256 2045 ea
289 1998 454 2045 forma
505 2000 722 2060 erroris,
772 2002 864 2046 sub
915 2016 1015 2062 qua
1063 2002 1105 2046 is
1140 2016 1170 2046 a
1207 2000 1252 2046 S.
1291 2000 1417 2046 Sede
1467 2000 1566 2045 iam
1617 2000 1929 2060 proscriptus
1967 2003 2057 2046 est.
2127 2000 2327 2046 Dicitur

111 2088 311 2134 nempe:
363 2073 505 2133 ,Cum
544 2074 680 2120 aliud
717 2076 780 2121 sit
817 2076 1176 2137 philosophus,
1215 2076 1354 2122 aliud
1389 2075 1734 2136 philosophia,
1787 2074 1871 2120 ille
1906 2074 1983 2121 ius
2021 2078 2071 2121 et
2106 2075 2326 2122 officium

109 2149 262 2196 habet
297 2164 351 2196 se
388 2150 719 2197 submittendi
755 2153 1077 2211 auctoritati,
1128 2168 1279 2213 quam
1315 2166 1484 2198 veram
1522 2152 1628 2211 ipse
1664 2150 1981 2210 probaverit,
2033 2154 2085 2197 at
2115 2152 2327 2212 philoso-

105 2225 225 2286 phia
257 2241 405 2287 ‘neque
436 2232 587 2286 potest
634 2242 780 2289 neque
830 2228 960 2274 debet
995 2229 1085 2274 ulla·
1117 2244 1212 2274 sese
1247 2228 1521 2274 submittere
1567 2224 1895 2284 auetoritati‘;
1942 2227 2189 2285 ,Ecclesia
2225 2243 2327 2275 non

111 2302 272 2349 solum
305 2317 407 2349 non
445 2303 594 2350 debet
629 2304 680 2349 in
716 2304 1084 2366 philosophiam
1110 2320 1331 2365 unquam
1359 2304 1780 2362 animadvertere,
1816 2318 1994 2349 verum
2022 2303 2173 2350 etiam
2200 2304 2328 2351 (lebet

108 2379 260 2440 ipsius
304 2379 632 2441 philosophiae
680 2382 887 2427 tolerare
933 2397 1149 2438 errores,
1201 2383 1333 2442 eique
1378 2381 1673 2441 relinquere,
1725 2386 1777 2426 ut
1823 2381 1932 2440 ipsa
1977 2395 2024 2425 se
2070 2378 2328 2440 corrz‘qat‘;

111 2453 436 2515 ,Philosophia
486 2456 747 2502 tractanda
799 2463 891 2516 est,
943 2458 1078 2503 nulla
1129 2457 1520 2518 supernaturalis·
1570 2455 1871 2501 revelationis
1907 2455 2073 2502 habita
2121 2456 2327 2503 ναίίοηει

111 2526 324 2590 (Syllab.
361 2531 621 2592 complect.
670 2532 967 2593 praecipuos
1003 2536 1210 2579 nostrae
1258 2532 1438 2578 aetatis
1477 2546 1673 2577 errores
1723 2534 1816 2577 etc.
1887 2530 2097 2591 Propos.
2133 2532 2198 2578 X.
2234 2532 2328 2580 XI.

112 2602 319 2662 XIV.).“
394 2606 467 2664 (O.
504 2607 566 2654 V.
602 2608 695 2653 535
712 2607 775 2664 a.)

262 2681 275 2707 ¹
313 2683 559 2744 Theologi
606 2684 670 2729 ad
715 2685 1105 2743 respondentem
1153 2685 1319 2731 locum
1368 2684 1638 2731 schematis
1687 2685 1747 2730 de
1786 2684 2014 2730 doctrina
2052 2684 2326 2732 catholiea:

117 2755 325 2818 „Sane“,
362 2759 629 2821 inquiunt,
683 2762 755 2818 „1.
793 2760 1021 2807 Ecclesia
1058 2761 1119 2807 de
1154 2761 1241 2818 iis,
1286 2776 1414 2821 quae
1452 2761 1502 2806 in
1538 2761 1769 2806 humanis
1808 2760 2084 2819 disciplinis
2122 2761 2329 2807 tradun-

115 2838 225 2894 tur,
272 2850 374 2881 non
410 2835 603 2881 iudicat
638 2835 734 2881 nisi
773 2850 835 2881 ex
870 2836 1130 2896 principiis
1165 2836 1427 2894 revelatis,
1478 2839 1528 2882 et
1565 2837 1656 2882 sub
1694 2835 1894 2882 formali
1930 2836 2158 2895 ratione,
2210 2852 2330 2897 qua-

116 2915 264 2957 tenus
296 2910 382 2956 illa
419 2925 530 2956 cum
571 2911 801 2957 doctrina
836 2911 952 2958 fidei
989 2927 1047 2957 ac
1082 2927 1277 2958 morum
1316 2912 1580 2974 disciplina
1617 2915 1902 2971 congruunt
1939 2914 2027 2957 aut
2061 2911 2220 2957 eidem
2248 2912 2332 2958 ad-

115 2989 412 3045 versantur,
461 2987 674 3033 scientia
708 3002 829 3033 vero
866 3002 1003 3033 mere
1038 2987 1302 3033 rationalis
1351 2987 1455 3033 sive
1490 2987 1809 3048 philosophia
1858 3002 1959 3032 non
2008 2988 2331 3047 progreditur

118 3077 180 3109 ex
214 3062 487 3124 principiis,
527 3066 776 3123 quatenus
812 3062 910 3109 fide
947 3063 1239 3123 creduntur,
1283 3064 1370 3110 sed
1406 3064 1552 3109 unice
1590 3078 1653 3109 ex
1688 3062 1946 3123 principiis
1982 3063 2331 3123 rationalibus,

119 3142 368 3199 quatenus
405 3139 594 3185 lumine
620 3139 830 3185 rationis
856 3139 1225 3200 intelliguntur,
1262 3155 1354 3186 nec
1383 3144 1551 3200 potest
1579 3139 1851 3200 quidquam
1887 3139 2155 3185 admittere
2192 3139 2332 3185 velut

119 3214 372 3262 obiectum
411 3215 505 3261 sibi
540 3216 819 3277 proprium,
856 3216 1010 3275 ,quod
1044 3205 1144 3261 non
1180 3216 1335 3262 fuerit
1370 3218 1431 3262 ab
1468 3216 1577 3276 ipsa
1614 3215 1716 3261 suis
1754 3215 2127 3262 conditionibus
2163 3216 2333 3275 acqui-

120 3289 304 3338 situm‘.
373 3290 618 3352 Adeoque
666 3292 910 3338 revelatio
948 3296 998 3337 et
1033 3292 1396 3338 revelationem
1442 3305 1731 3352 proponens
1767 3290 1996 3337 Ecclesia
2047 3292 2333 3351 theologiae

120 3367 335 3427 quidem,
372 3382 472 3413 non
497 3371 666 3414 autem
703 3367 1054 3428 philosophiae
1080 3368 1371 3428 suppeditat
1395 3367 1657 3427 principia,
1695 3370 1751 3413 ut
1776 3367 1852 3412 his
1885 3365 1983 3412 fide
2021 3366 2225 3412 creditis
2262 3367 2334 3412 in-

118 3443 327 3489 nitatur.
374 3442 641 3490 Obiectum
678 3444 810 3490 enim
834 3443 1056 3503 formale
1089 3444 1205 3490 fidei
1243 3447 1292 3490 et
1329 3443 1570 3490 scientiae
1606 3444 1861 3489 diversum
1888 3446 1990 3499 est3
2027 3443 2127 3489 illic
2162 3446 2334 3489 aucto-

119 3520 242 3567 ritas
277 3520 371 3566 Dei
406 3521 697 3580 revelantis,
733 3521 813 3567 hic
850 3520 1154 3567 intrinsecus
1193 3526 1458 3581 perspecta
1503 3520 1707 3566 veritas,
1746 3556 1755 3565 .
1795 3556 1804 3565 .

266 3596 485 3655 „Verum
512 3598 556 3643 2.
592 3596 714 3644 fides
752 3600 801 3644 et
838 3597 1046 3644 scientia
1081 3596 1344 3643 rationalis
1380 3611 1481 3642 non
1517 3596 1718 3657 quidem
1751 3595 2050 3654 adaequate,
2089 3594 2176 3640 sed
2214 3609 2334 3656 qua-

123 3671 386 3718 damtenus
424 3686 686 3719 commune
710 3673 899 3720 habent
925 3673 1179 3720 obiectum
1206 3672 1495 3731 materiale,
1531 3671 1720 3717 multae
1748 3671 1878 3716 enim
1905 3670 2163 3728 veritateS,
2203 3685 2332 3731 quae

121 3747 318 3793 ratione
356 3762 418 3792 ex
452 3747 679 3794 fontibus
715 3748 1035 3794 naturalibus
1071 3748 1305 3807 cognosci
1341 3749 1569 3808 possunt,
1608 3749 1760 3806 atque
1785 3745 1898 3792 ideo
1925 3749 2042 3791 sunt
2079 3745 2331 3792 obiectum

124 3822 362 3868 scientiae
397 3822 446 3867 in
482 3822 714 3869 humanis
752 3824 1043 3882 disciplinis,
1082 3823 1228 3869 simul
1267 3823 1590 3869 continentur
1628 3821 1863 3880 explicite
1899 3820 1978 3866 vel
2002 3820 2244 3881 implicite
2280 3821 2332 3867 in

125 3896 292 3943 divina
326 3897 652 3945 revelatione.
713 3899 993 3960 Propterea
1028 3899 1078 3944 in
1117 3898 1405 3945 excolendis
1440 3912 1601 3958 paene
1638 3897 1868 3943 omnibus
1906 3895 2126 3942 scientiis
2165 3911 2227 3943 ex
2261 3896 2334 3942 in-
