2548 4290
302 158 537 198 Discussio
571 168 691 210 spec.
724 158 771 196 in
805 154 965 208 congr.
998 168 1094 208 gen.
1159 155 1269 210 Cap.
1301 157 1335 198 I.
1368 157 1425 198 ΙΙ.
1458 157 1538 197 111.
1595 159 1704 199 Tres
1729 161 1901 212 priores
1935 170 2139 198 canones.
2234 157 2332 207 117

121 300 309 353 Patres
350 298 399 349 d.
443 299 525 351 12.
567 297 693 348 Iulii
745 296 1123 349 distribuitur1
1174 303 1336 366 atque
1387 299 1636 367 sequenti
1676 298 1761 351 die
1819 315 2005 350 eorum
2058 296 2331 365 suffragiis

117 380 450 452 approbatur
466 378 503 446 ²,
532 397 652 431 cum
691 380 885 432 ceteris
915 379 1328 432 Constitutionis
1357 381 1600 449 partibus
1638 386 1825 450 postea
1854 381 2129 450 suffragiis
2156 379 2334 432 denuo

118 463 530 518 subiiciendum.

261 546 347 598 Ex
386 547 477 611 iis,
526 562 663 614 quae
706 545 772 596 de
813 545 914 597 hoc
968 546 1145 614 capite
1196 546 1468 614 disputata
1519 551 1671 611 sunt,
1724 546 1904 615 aliqua
1952 551 2140 616 postea
2180 562 2335 597 accu-

119 630 283 683 ratius
323 628 637 681 referemus.
715 628 902 680 Pauca
941 629 1208 697 quaedam
1249 628 1351 680 hoc
1393 629 1510 680 loco
1553 628 1817 681 addimus,

207 711 210 714 ⁴
259 713 444 764 Prima
484 712 675 781 capitis
715 712 1057 780 paragrapho
1089 711 1317 764 Concilii
1353 711 1657 764 Florentini
1697 712 1762 763 de
1804 712 2051 763 Primatu
2092 711 2334 764 definitio

118 798 421 849 innovatur.
498 795 650 855 Quae
692 794 757 846 de
799 795 899 847 hoc
939 794 1245 846 Florentini
1287 794 1532 861 decretO,
1589 795 1907 863 praesertim
1950 794 2014 845 de
2057 795 2170 846 eius
2212 811 2336 845 con-

116 880 371 944 clusione,
412 896 444 930 a
470 878 724 931 Patribus
765 878 1039 948 disputata
1067 884 1206 943 sunt,
1248 879 1468 947 speciali
1503 879 1954 930 commentatione
1984 877 2281 929 referemus
2296 874 2336 918 3·

118 965 306 1018 Altera
356 964 698 1033 paragrapho
751 963 1052 1014 accuratior
1109 964 1416 1015 continetur
1468 962 1796 1015 definitionis
1843 963 2192 1015 Florentinae
2246 979 2337 1014 ex-

118 1048 349 1119 plicatiO.
426 1047 562 1099 Eam
602 1047 770 1116 aliqui
810 1047 983 1099 omitti
1023 1046 1297 1112 volebant,
1343 1047 1544 1116 quippe
1586 1064 1724 1115 quae
1766 1046 1943 1116 quoad
1982 1046 2336 1098 substantiam

116 1133 171 1185 in
220 1131 531 1183 definitione
583 1130 903 1183 Florentina
955 1131 1060 1182 iam
1114 1130 1538 1182 contineretui¹⁴.
1616 1131 1767 1182 Bene
1821 1131 2114 1200 respondet
2154 1129 2335 1198 Episc.

119 1216 432 1268 Tarvisinus
471 1214 737 1266 relator-⁵:
784 1213 1075 1279 „Quamvis
1115 1213 1389 1266 laudabile
1432 1215 1497 1265 sit
1526 1213 1855 1265 desiderium
1882 1213 2163 1265 resecandi
2193 1212 2337 1282 quod

115 1297 533 1368 superabundat,
582 1303 820 1348 attamen
860 1297 1255 1366 providendum
1300 1297 1460 1349 etiam
1503 1303 1608 1364 est,
1650 1314 1736 1363 ne,
1778 1296 1904 1347 dum
1944 1296 2215 1365 superflua
2256 1313 2337 1347 re-

115 1382 370 1452 spuimuS,
411 1381 465 1431 in
504 1381 820 1432 necessariis
863 1380 1188 1432 deficiamus,
1246 1379 1453 1431 Verum
1494 1384 1589 1444 est,
1632 1380 1686 1430 in
1725 1379 1903 1431 verbis
1945 1378 2173 1430 Concilii
2212 1378 2337 1429 Flo-

117 1465 314 1518 rentini
354 1464 634 1528 contineri,
677 1468 936 1532 quantum
967 1480 1036 1515 ex
1076 1481 1131 1516 00
1160 1463 1434 1515 sufficeret
1462 1463 1530 1514 ad
1558 1463 1666 1513 vim
1694 1462 1967 1514 Primatus
2008 1478 2336 1530 cognoscen-

117 1547 266 1613 dam3
307 1553 362 1599 at
401 1547 773 1611 nihilominus,
815 1565 920 1598 non
964 1546 1210 1598 obstante
1253 1545 1566 1598 definitione
1607 1546 1940 1610 Florentina,
1984 1562 2193 1596 errores
2235 1545 2337 1595 orti

117 1637 242 1685 sunt
260 1630 295 1698 ⁶,
349 1632 438 1700 qui
479 1631 778 1700 respiciunt
819 1637 1066 1681 naturam
1107 1630 1410 1694 Primatus,
1455 1636 1508 1681 et
1548 1630 1603 1680 in
1645 1629 1758 1681 dies
1800 1633 2063 1693 crescunt,
2105 1628 2239 1680 adeo
2281 1633 2339 1677 ut

120 1716 479 1768 necessarium
520 1715 612 1779 sit,
664 1720 723 1765 ut
762 1714 817 1765 in
860 1713 1102 1765 Concilio
1144 1713 1412 1765 Vaticano
1466 1713 1733 1782 genuinus
1784 1731 1971 1765 sensus
2012 1711 2337 1763 definitionis

118 1798 467 1851 Florentinae
526 1797 730 1868 Synodi
790 1797 1095 1867 explicetur
1145 1797 1553 1862 auctoritative,
1619 1803 1672 1848 et
1725 1796 2101 1848 auctoritative
2159 1795 2338 1859 etiam,

118 1898 255 1951 quae
297 1899 403 1933 non
457 1881 582 1932 satis
623 1880 879 1950 explicite
920 1881 975 1931 in
1014 1880 1192 1932 verbis
1235 1880 1300 1932 ab
1353 1880 1445 1931 illa
1486 1879 1706 1948 Synodo
1763 1879 2018 1930 adhibitis
2060 1878 2337 1929 continen-

118 1968 220 2031 tur,
261 1969 534 2017 eruantur.
612 1963 887 2033 Repetitio
930 1968 1010 2014 est
1052 1981 1342 2032 apparens3
1400 1963 1620 2014 realiter
1660 1980 1755 2031 per
1796 1962 1928 2013 duas
1969 1960 2338 2031 paragraphos

118 2046 214 2098 lux
254 2047 475 2100 affertur
526 2046 833 2110 doctrinae3
888 2064 946 2098 ac
998 2046 1225 2115 proinde
1266 2046 1580 2110 elucidatio,
1638 2063 1746 2096 non
1785 2045 2037 2114 repetitio
2091 2049 2186 2095 est.
2263 2043 2338 2094 At

119 2130 561 2183 emendationum
602 2135 849 2182 auctores
891 2130 1025 2180 nihil
1067 2130 1298 2198 amplius
1336 2129 1387 2180 in
1428 2129 1770 2198 paragrapho
1812 2128 2013 2192 vident,
2056 2145 2216 2197 quam
2258 2144 2336 2191 ea,

118 2230 255 2283 quae
296 2218 419 2264 sunt
456 2214 511 2265 in
551 2212 729 2265 verbis
770 2212 1121 2264 Florentinae
1165 2212 1388 2281 Synodi.
1468 2213 1588 2263 Hoc
1632 2229 1791 2279 quam
1833 2212 2068 2262 maxime
2109 2209 2337 2276 arridet,

119 2314 243 2348 nam
283 2299 602 2349 auctoritate
657 2296 850 2347 horum
891 2296 1149 2348 Rffiorum
1193 2296 1418 2348 Patrum
1458 2296 1552 2346 tali
1605 2295 1763 2347 modo
1815 2294 2175 2363 respondetur
2215 2293 2336 2358 illis,

118 2381 208 2450 qui
249 2380 519 2432 doctrinas
570 2381 624 2431 in
665 2378 904 2431 secunda
944 2380 1286 2448 paragrapho
1329 2385 1610 2431 contentas
1651 2379 2018 2447 i111pugna11t.“
2092 2377 2192 2428 His
2235 2376 2337 2427 dis-

118 2463 354 2533 plicebat
395 2464 639 2516 doctrina
683 2463 748 2515 de
780 2463 985 2515 Summi
1015 2462 1294 2514 Pontificis
1335 2481 1587 2531 suprema
1618 2463 1890 2514 ordinaria
1932 2467 1984 2513 et
2026 2460 2337 2513 immediata

116 2546 172 2598 in
223 2564 407 2599 omnes
459 2552 513 2598 et
560 2547 800 2615 singulos
842 2546 1029 2598 fideles
1071 2551 1337 2615 potestate
1380 2546 1706 2615 episcopali,
1763 2545 1818 2596 id
1875 2544 2018 2614 quod
2071 2545 2176 2595 illis
2229 2544 2335 2595 iam

116 2629 691 2696 animadversionibuS,
722 2647 853 2699 quas
882 2629 949 2681 de
977 2630 1252 2681 schemate
1281 2631 1506 2698 pristino
1536 2630 1762 2698 scriptas
1790 2629 2142 2692 tradiderant,
2172 2633 2337 2697 patet.

115 2711 304 2782 Aliqui
345 2713 487 2765 enim
527 2712 829 2765 timendum
869 2729 984 2764 esse
1013 2712 1526 2778 animadverterant,
1568 2730 1636 2763 ne
1664 2712 1943 2763 enuntiata
1971 2711 2064 2762 illa
2093 2711 2338 2762 doctrina

116 2796 501 2849 excluderetur
541 2796 628 2848 vel
669 2795 1054 2847 detrimentum
1095 2800 1373 2864 pateretur
1401 2795 1796 2865 Episcoporum
1837 2799 2074 2864 potestas
2096 2793 2130 2845 ⁷.
2200 2793 2337 2845 Eam

265 2978 280 3006 ¹
317 2980 449 3026 Acta
487 2983 581 3026 etc.
652 2978 706 3026 O.
745 2980 806 3028 V.
844 2982 936 3027 758
957 2996 999 3027 c.
1177 2980 1192 3007 ²
1231 2981 1359 3027 Ibid.
1431 2979 1484 3027 O.
1520 2979 1582 3025 V.
1622 2980 1713 3026 759
1731 2994 1772 3025 0.

266 3054 282 3082 3
320 3056 462 3103 Infra
500 3072 607 3117 cap.
643 3056 714 3103 II.
752 3061 1017 3104 comment.
1044 3057 1133 3104 IV.
1172 3056 1382 3104 Concilii
1417 3056 1699 3103 Florentini
1736 3056 1795 3102 de
1831 3055 1880 3101 vi
1916 3070 1975 3101 ac
2011 3054 2207 3102 ratione
2232 3052 2338 3100 Pri-

120 3134 285 3179 matus
324 3130 548 3178 definitio
588 3135 684 3179 etc.
862 3131 880 3158 4
916 3132 1307 3180 Emendationes
1345 3136 1440 3179 etc.
1510 3130 1563 3178 C.
1599 3131 1662 3179 V.
1697 3132 1829 3177 3360
1867 3145 1975 3191 sqq.

265 3206 281 3233 ⁵
317 3207 517 3255 Relatio
556 3212 651 3256 etc.
699 3207 755 3255 O.
793 3209 854 3255 V.
892 3210 1044 3256 350a.
1070 3210 1117 3256 b.
1254 3207 1270 3235 ⁶
1306 3207 1382 3255 Of.
1421 3208 1552 3254 infra
1590 3223 1697 3269 cap.
1723 3207 1818 3254 ΠΙ.
1856 3206 2027 3253 adnot.
2064 3206 2126 3253 ad
2152 3205 2335 3252 locum.

263 3283 278 3307 v
318 3282 426 3338 Quo
454 3283 563 3330 iure
581 3283 770 3330 Summi
791 3283 1049 3331 Pontificis
1066 3287 1293 3346 potestas
1314 3284 1512 3331 dicatur
1531 3282 1831 3344 episcopalis
1850 3298 1895 3329 v.
1914 3281 2047 3328 infra
2064 3282 2113 3327 in
2132 3281 2337 3342 speciali

119 3358 545 3405 commentatione
581 3374 689 3420 cap.
715 3359 784 3406 II.
823 3363 1090 3406 comment.
1116 3359 1177 3406 V.
1216 3386 1275 3391 —
1313 3359 1370 3405 In
1409 3359 1654 3406 relatione
1681 3374 1793 3405 cum
1821 3358 2074 3404 schemate
2098 3356 2336 3404 Patribus

120 3433 308 3480 tradita
333 3432 394 3480 de
419 3432 516 3480 illis
542 3433 751 3480 Patrum
779 3434 1301 3481 animadversionibus
1328 3449 1489 3481 sermo
1516 3437 1608 3492 est,
1635 3438 1789 3495 atque
1814 3432 2149 3494 respondetur
2174 3430 2248 3490 (C.
2275 3432 2336 3480 V.

119 3509 256 3555 277a
293 3507 445 3570 sqq.):
499 3509 717 3568 „Verum
754 3509 802 3568 a)
839 3525 902 3557 ne
940 3510 1186 3570 (potestas
1223 3509 1541 3572 episcopalis)
1590 3510 1696 3571 pati
1746 3509 2002 3570 quidpiam
2047 3507 2337 3556 detrimenti

119 3584 279 3644 possit
314 3584 489 3644 videri,
528 3585 715 3632 diserta
741 3585 826 3632 fiet
853 3585 1138 3632 ordinariae
1175 3601 1234 3632 ac
1259 3585 1580 3633 immediatae
1604 3584 1871 3646 potestatis
1897 3584 2259 3645 Episcoporum
2285 3584 2335 3630 in

121 3673 238 3706 suas
262 3660 597 3721 particulares
625 3661 880 3708 dioeceses
919 3662 1222 3721 declaratio,
1260 3666 1369 3708 tum
1403 3676 1523 3708 vero
1550 3660 1969 3707 considerandum
2006 3660 2335 3721 proponitur:

266 3734 317 3793 b)
354 3735 576 3795 Phrasis‚
614 3751 714 3797 qua
751 3737 813 3784 de
848 3737 1045 3798 agitur,
1085 3740 1160 3784 est
1197 3737 1413 3798 positiva
1449 3741 1499 3784 et
1534 3736 1818 3795 affirmans,
1855 3751 1955 3783 non
1993 3736 2250 3783 exclusiva
2287 3742 2336 3784 et

122 3824 337 3871 negans,
376 3826 533 3872 quare
570 3827 658 3872 per
691 3812 827 3858 illam
863 3813 949 3859 alii
985 3816 1229 3873 pastores,
1266 3813 1403 3874 iique
1439 3812 1681 3859 ordinarii
1718 3827 1774 3858 ac
1811 3811 2088 3858 immediati
2122 3812 2338 3859 nullate-

123 3898 218 3932 nus
252 3885 615 3945 excluduntur3
652 3887 801 3933 immo
837 3902 956 3934 vero
