2548 4290
278 166 522 209 Comment.
554 165 633 206 IV.
687 167 756 206 De
788 169 973 219 peccato
1007 166 1271 207 defectionis
1305 179 1331 207 a
1360 166 1448 230 fide
1478 168 1552 207 vel
1585 166 1880 209 dubitationis
1914 167 1968 207 de
1999 179 2063 207 ea.
2205 167 2270 217 67

63 305 341 378 religionis
380 308 656 378 probetur,
696 324 798 358 nec
824 307 998 375 gratia
1025 307 1129 359 Dei
1164 309 1219 358 in
1248 325 1312 360 ea
1339 308 1739 374 confirmentur,
1780 308 1875 361 sed
1902 312 2088 361 contra
2114 326 2273 377 argu-

66 392 258 445 mentis
298 396 352 443 et
376 390 479 442 Dei
519 390 710 459 gratia,
749 395 809 441 ut
847 390 1125 458 religionis
1163 407 1292 442 suae
1334 390 1626 442 falsitatem
1660 396 1974 459 agnoscant,
2016 396 2069 443 et
2106 396 2167 443 ut
2205 391 2272 442 ad

65 475 396 543 agnitionem
424 473 666 526 veritatis
692 474 930 540 veniant,
973 474 1296 536 excitentur,
1338 473 1410 537 hi,
1439 473 1675 542 inquam,
1716 474 1912 526 iustam
1939 492 2156 527 causam
2181 474 2274 526 ha-

61 559 209 625 bent,
249 559 377 626 quin
417 558 579 609 immo
621 556 797 609 officio
834 562 1088 610 tenentur
1127 557 1372 608 mutandi
1409 557 1758 625 religionem,
1800 558 1880 608 illi
1920 562 2126 623 autem,
2182 558 2273 626 qui

63 642 224 694 fidem
251 640 348 692 sub
374 640 653 693 Ecclesiae
681 641 994 709 magisterio
1023 646 1394 709 susceperunt,
1423 640 1628 691 nullam
1658 657 1895 708 unquam
1925 640 2124 692 habere
2152 658 2272 710 pos-

58 729 186 778 sunt
223 724 418 775 iustam
458 740 675 775 causam
716 724 960 776 mutandi
1001 728 1093 775 aut
1132 724 1187 773 in
1229 723 1454 774 dubium
1492 723 1724 775 vocandi
1762 723 1974 774 fidem.“
2055 723 2111 775 Si
2151 740 2273 774 cau-

64 825 174 860 sam
215 807 444 875 quaeris,
486 824 579 858 cur
608 805 906 858 Concilium
946 807 1096 875 prius
1135 805 1271 857 illud
1311 805 1614 857 membrum
1654 806 1909 872 omiserit,
1950 805 2272 874 respondeO,

61 891 188 960 quia
228 890 294 941 de
333 889 511 942 officio
553 907 767 955 eorum,
820 890 911 959 qui
961 889 1029 940 ad
1067 889 1370 941 Ecclesiam
1418 907 1527 940 non
1568 893 1842 958 spectant,
1897 889 2045 957 loqui
2084 889 2274 940 noluit.

64 973 228 1026 Cuius
265 973 344 1025 rei
384 978 764 1041 argumentum
805 968 1115 1025 contineffur
1153 972 1209 1022 in
1248 972 1362 1024 eius
1403 972 1548 1024 actis,
1602 972 1947 1040 Propositum
1986 972 2131 1023 enim
2160 977 2275 1023 erat

62 1074 252 1110 revera
290 1056 357 1108 ab
409 1074 516 1107 uno
559 1074 627 1108 ex
668 1056 953 1122 Patribus,
1011 1061 1071 1107 ut
1110 1055 1435 1121 membrum,
1488 1055 1631 1124 quod
1682 1056 1936 1107 omissum
1977 1073 2091 1107 esse
2134 1055 2273 1105 dixi-

64 1159 195 1206 muS,
235 1140 595 1209 suppleretur.
654 1140 797 1206 „Ista
823 1140 1173 1208 propositio“,
1214 1140 1403 1208 inquit,
1448 1139 1788 1203 „evidentem
1824 1141 1966 1190 inter
1995 1139 2126 1190 duas
2154 1156 2275 1208 per-

63 1241 313 1276 sonarum
364 1224 569 1291 species
619 1223 1018 1274 distinctionem
1060 1223 1274 1288 statuit,
1326 1222 1422 1273 sed
1471 1222 1537 1274 de
1591 1223 1695 1274 ista
1748 1223 2088 1274 distinctione
2140 1222 2275 1273 nihil

63 1308 277 1361 omnino
318 1308 496 1375 agitur
534 1308 590 1358 in
630 1308 866 1359 secunda
905 1307 1113 1377 phrasis
1154 1311 1323 1375 parte,
1366 1323 1502 1375 quae
1543 1307 1614 1357 sic
1654 1324 1709 1357 se
1751 1306 1944 1357 habet:
1985 1305 2124 1357 Nam
2163 1307 2276 1357 mcl-

63 1393 165 1445 lam
202 1409 435 1461 unquam
474 1393 659 1443 iustam
698 1391 876 1443 habere
904 1396 1122 1459 possunt
1172 1407 1380 1441 causam
1421 1389 1660 1441 mutandi
1709 1395 1798 1440 aut
1847 1392 1903 1440 in
1947 1389 2163 1440 dubium
2201 1407 2276 1441 re-

62 1474 273 1527 vocandi
301 1474 487 1543 fidem,
533 1477 624 1544 qui
670 1492 781 1525 eccm
821 1474 912 1525 sub
950 1473 1197 1525 Ecclesiae
1235 1474 1521 1540 mayc'sterz‘o
1558 1478 1892 1539 susceperunt.
1968 1470 2056 1521 Ad
2095 1488 2276 1539 prose-

65 1558 336 1626 quendum
374 1559 540 1626 igitur
578 1557 999 1626 parallelismum
1042 1556 1232 1607 melius
1273 1555 1578 1606 videretur:
1628 1555 1723 1606 Istc·
1758 1556 1918 1621 enim,
1958 1554 2159 1605 veritate
2197 1553 2277 1605 de-

63 1647 211 1708 tecta,
258 1659 479 1693 errorem
526 1646 758 1692 tenentur
804 1640 1012 1691 abiicere
1029 1660 1045 1704 ,·
1101 1640 1178 1690 illi
1225 1644 1392 1689 autem
1444 1638 1738 1704 (catholici)
1792 1638 1990 1688 nullam
2043 1653 2275 1705 unquam

63 1725 241 1778 habere
268 1730 485 1793 possunt
521 1724 794 1792 leqitimam
833 1740 1042 1774 causam
1081 1723 1194 1773 ete.“
1221 1721 1237 1753 1
1303 1721 1476 1781 Quam
1518 1721 1952 1772 emendationem
1997 1718 2274 1788 deputatio

64 1810 305 1878 recipere
345 1809 536 1874 noluit,
576 1810 725 1877 „quia
764 1808 853 1859 hoc
891 1809 1029 1872 Zoco“,
1070 1812 1129 1857 ut
1169 1806 1242 1857 ait
1282 1806 1746 1857 Paderbornensis
1766 1804 1802 1870 ²,
1841 1805 2078 1870 „minime
2114 1820 2276 1855 sermo

63 1897 130 1945 est
165 1891 224 1943 de
260 1891 433 1959 officio
471 1892 877 1955 acatholicorum,
915 1890 1000 1942 scd
1038 1889 1384 1941 tantummodo
1423 1889 1482 1940 (Ze
1519 1889 1691 1956 officio
1729 1885 2127 1940 catlmlzkormffl.

205 1975 396 2043 Itaque
424 1992 611 2026 sensus
643 1975 748 2026 loci
775 1975 988 2026 videtur
1016 1992 1131 2025 esse
1158 1974 1271 2024 hic:
1313 1979 1372 2023 ut
1399 1990 1558 2024 causa
1585 1973 1857 2037 (obiectam)
1898 1974 2031 2024 iusta
2061 1991 2276 2042 semper

66 2063 256 2123 exstat,
299 2077 422 2124 cur,
476 2059 566 2127 qui
606 2058 799 2110 falsam
838 2058 1158 2125 religionem
1199 2062 1500 2121 sectantur,
1545 2056 1610 2107 de
1653 2074 1716 2107 ea
1757 2056 2006 2108 dubitent
2048 2075 2275 2128 eamque

63 2142 328 2207 deserant,
369 2142 443 2193 ita
472 2159 631 2192 causa
657 2141 929 2206 (obiective)
957 2142 1089 2191 iusta
1118 2157 1394 2207 nunquam
1428 2139 1617 2190 adesse
1656 2144 1850 2207 potest,
1893 2157 1986 2191 cur
2026 2142 2275 2194 catholici

65 2224 130 2276 de
170 2225 396 2277 veritate
425 2224 701 2276 Ecclesiae
732 2224 980 2275 dubitent
1019 2224 1106 2274 vel
1147 2240 1265 2274 eam
1307 2222 1631 2290 relinquant.
1684 2222 1891 2282 Quibus
1927 2224 2106 2276 verbis
2135 2225 2276 2277 Her-

62 2308 214 2360 mesii
242 2313 295 2360 et
321 2308 511 2376 Vigilii
540 2308 813 2359 sententia
850 2307 1108 2372 reiicitur,
1151 2323 1256 2374 qua
1282 2305 1513 2356 vidimus
1541 2305 1628 2356 vel
1669 2324 1925 2374 expresse
1966 2309 2052 2359 vel
2093 2309 2276 2377 aequi-

63 2391 306 2443 valenter
347 2391 545 2455 doceri,
585 2408 771 2460 parem
813 2408 928 2442 esse
956 2390 1343 2441 catholicorum
1386 2394 1439 2440 et
1466 2389 1864 2440 haereticorum
1893 2391 2274 2457 conditionem,

61 2478 222 2543 atque
262 2474 406 2526 idem
455 2479 807 2542 utrorumque
860 2475 939 2524 ius
991 2473 1077 2524 vel
1129 2472 1365 2524 officium
1421 2472 1584 2523 dubia
1636 2472 1701 2523 de
1743 2491 1837 2523 sua
1877 2474 2140 2542 religione
2183 2493 2276 2527 ex-

60 2556 262 2609 citandi
300 2558 387 2609 vel
428 2576 546 2609 eam
587 2556 888 2609 deserendi.
941 2557 1247 2608 Discrimen
1289 2555 1608 2607 conditionis
1638 2556 2024 2608 catholicorum
2065 2563 2119 2609 et
2146 2560 2276 2610 alio-

60 2657 179 2690 rum
232 2658 295 2692 eo
351 2641 688 2705 continetur,
745 2640 888 2708 quod
939 2640 1153 2692 illorum
1205 2639 1395 2705 religio
1455 2656 1582 2690 vera
1638 2643 1718 2689 est
1772 2657 1831 2690 ac
1884 2640 2034 2691 Deus
2090 2659 2275 2694 omnes

62 2739 182 2774 eam
221 2724 370 2792 sequi
411 2724 556 2789 vult,
608 2724 798 2774 horum
847 2728 1027 2774 autem
1066 2723 1255 2790 religio
1299 2722 1460 2787 falsa,
1515 2739 1674 2789 quam
1714 2721 1864 2773 Deus
1906 2723 2081 2775 deseri
2130 2725 2273 2791 vult,

61 2823 240 2874 porrO,
282 2806 441 2874 quod,
486 2807 576 2875 qui
615 2806 683 2857 ad
722 2806 1023 2857 Ecclesiam
1064 2805 1385 2856 catholicam
1426 2810 1690 2873 spectant,
1737 2810 1790 2856 et
1830 2807 2274 2874 praeclarissimis

62 2888 277 2940 divinae
319 2890 432 2940 eius
472 2890 821 2940 institutionis
862 2889 1027 2957 signis
1068 2894 1121 2939 et
1160 2888 1335 2956 gratia
1361 2887 1483 2953 Dei,
1524 2893 1582 2938 ut
1607 2895 1975 2956 perseverent,
2017 2890 2275 2942 adiuvan-

61 2975 173 3036 tur,
216 2976 428 3037 contra,
471 2972 561 3040 qui
601 2971 769 3022 falsae
810 2971 1060 3039 religioni
1101 2970 1427 3035 adhaerent,
1487 2987 1663 3038 neque
1706 2973 2038 3038 argumentis
2081 2974 2276 3025 rationi

62 3055 366 3124 propositiS,
407 3072 584 3123 neque
626 3055 799 3123 gratia
841 3055 1022 3105 divina
1062 3055 1115 3104 in
1159 3072 1220 3105 ea
1261 3055 1591 3119 retinentur,
1636 3054 1742 3105 imo
1783 3054 1929 3105 hisce
1969 3055 2036 3106 ab
2079 3073 2142 3107 ea
2183 3057 2274 3108 ab·

66 3137 345 3190 ducuntur.
414 3139 704 3208 Signorum
755 3144 936 3191 autem
987 3138 1229 3189 veritatis
1269 3138 1544 3189 Ecclesiae
1587 3155 1693 3188 non
1733 3137 1928 3189 dicitur
1968 3157 2083 3191 esse
2124 3146 2275 3191 tanta

10 3291 14 3294 .
64 3221 159 3288 vis,
200 3240 299 3275 nec
340 3224 656 3291 gratiarum,
700 3240 836 3291 quae
878 3221 1259 3286 concedantur,
1300 3225 1452 3272 tanta
1491 3220 1848 3286 abundantia,
1891 3227 1950 3272 ut
1989 3223 2148 3274 homo
2192 3242 2274 3274 ca-

63 3303 293 3357 tholicus
332 3323 608 3374 nunquam
646 3305 723 3356 ita
762 3306 817 3355 in
858 3322 1095 3356 errorem
1124 3304 1359 3372 aliquem
1400 3303 1523 3354 duci
1552 3304 1733 3371 possit,
1773 3308 1833 3355 ut
1870 3305 2275 3374 inculpabiliter

63 3387 351 3457 aliquando
395 3388 720 3439 dubitationi
760 3387 825 3439 de
868 3388 1097 3439 veritate
1138 3404 1264 3438 suae
1306 3386 1432 3438 fidei
1472 3404 1527 3437 se
1569 3386 1763 3439 tradat.

206 3471 467 3523 Maiorem
516 3472 625 3523 vim
664 3473 809 3523 tertia
849 3472 985 3523 ratio
1027 3470 1227 3522 habere
1279 3470 1451 3521 videri
1491 3471 1683 3539 possit:
1742 3470 1937 3521 dicitur
1976 3471 2125 3522 Deus
2166 3490 2273 3540 eOS,

65 3554 153 3621 qui
206 3554 274 3605 ad
323 3571 507 3605 veram
559 3554 877 3622 religionem
920 3554 1298 3621 pervenerint,
1353 3554 1527 3621 gratia
1582 3553 1637 3603 in
1679 3569 1742 3604 ea
1793 3554 2108 3605 confirmare
2149 3573 2275 3620 „non

62 3635 310 3703 deserens,
350 3637 453 3687 m'si
489 3636 793 3689 deseratur&
872 3638 1024 3688 Haec
1066 3642 1246 3687 autem
1286 3636 1483 3699 verba,
1525 3637 1636 3687 sive
1679 3636 2011 3687 confirmatio
2053 3656 2274 3705 praece-

64 3718 237 3771 dentis
276 3720 429 3771 incisi
471 3725 593 3771 sunt
633 3722 743 3772 sive
786 3721 899 3772 eius
941 3720 1261 3788 explicatiO,
1305 3737 1412 3771 non
1453 3719 1717 3785 indicant,
1771 3720 1844 3770 ita
1885 3719 2062 3771 Deum
2104 3722 2274 3774 homi-

196 3892 210 3918 ¹
247 3892 641 3939 Emendationes
678 3897 772 3940 etc.
836 3893 889 3940 O.
929 3894 987 3940 V.
1031 3895 1117 3939 162
1137 3894 1182 3940 d.
1364 3893 1379 3918 ²
1417 3893 1614 3939 Relatio
1655 3897 1748 3940 etc.
1807 3893 1861 3941 C.
1901 3894 1961 3941 V.
2004 3897 2151 3943 1826.

1863 3977 1927 4014 0⁴²
