2548 4290
201 89 302 140 178
369 90 483 131 Pars
516 89 574 130 11.
634 87 789 130 Const.
825 87 881 129 de
912 88 1036 130 Eccl.
1101 87 1213 142 Cap.
1246 88 1306 129 11.
1366 87 1784 132 Commentationes
1820 90 1875 132 de
1908 91 2143 145 aliquibus
2175 93 2307 134 locis.

196 256 371 301 versa,
414 242 474 288 ut
515 235 829 306 Cyprianus
869 235 1115 306 loquitur
1155 236 1190 288 l.
1236 235 1277 287 I.
1323 253 1409 305 ep.
1453 237 1521 295 3„
1564 241 1619 288 et
1658 253 1758 289 nos
1799 236 1854 287 in
1895 235 2050 288 libris
2093 235 2160 290 de
2201 237 2471 293 Pontifice

194 322 380 375 multis
435 325 891 390 argumentorum
944 320 1244 391 generibus
1302 319 1837 387 demonstravimUS,
1898 328 2085 374 tamen
2139 340 2251 374 non
2306 321 2474 376 debet

192 407 459 460 Pontifex
500 406 557 457 in
601 406 992 458 controversiis
1032 405 1161 459 fidei
1204 405 1574 458 diiudicandis
1616 412 1711 458 aut
1752 406 1854 459 soli
1895 424 1993 459 suo
2035 406 2240 460 iudicio
2282 406 2471 476 fidere,

191 499 286 546 aut
327 496 657 562 exspectare
701 491 947 544 divinam
987 491 1406 558 revelationem,
1449 491 1546 544 sed
1587 491 1852 545 adhibere
1895 492 2259 562 diligentiam,
2302 510 2491 562 quan-¹

190 583 303 630 tam
343 594 431 629 res
470 580 626 629 tanta
666 577 926 646 postulat,
971 582 1026 628 et
1066 576 1347 628 ordinaria
1390 576 1601 636 media3
1646 582 1701 628 et
1741 583 1858 629 tum
1898 576 2118 630 demum
2148 583 2473 647 exspectare

188 662 559 716 assistentiam
589 661 827 732 Spiritus
855 661 1044 714 Sancti
1075 667 1129 714 et
1166 661 1531 714 directionem
1562 661 1821 715 divinam.
1888 664 2062 716 Porro
2105 663 2350 716 medium
2391 681 2474 717 or-

189 749 466 801 dinarium
509 765 571 801 ac
614 747 845 817 proinde
887 748 1263 800 necessarium
1308 765 1425 800 esse
1457 746 1768 800 Concilium
1810 766 2073 819 magnum
2101 755 2197 802 aut
2224 767 2472 820 parvum,

188 854 361 887 unum
402 834 490 887 vel
533 834 710 904 plura,
753 838 919 903 prout
960 834 1080 903 ipse
1118 833 1469 897 iudicaverit,
1514 833 1678 887 facile
1722 834 1945 903 probari
1987 837 2205 904 potest.‘
2260 834 2474 887 Infalli-
2511 850 2518 859 ²

189 922 374 974 bilitas
429 921 600 989 igitur
643 920 882 972 Romani
922 920 1207 972 Pontificis
1263 920 1583 972 nullatenus
1641 921 1842 973 evertit
1898 927 1993 974 aut
2033 920 2252 973 inutilia
2291 920 2473 974 reddit

189 1008 442 1061 Concilia
482 1007 597 1059 sive
640 1007 928 1076 generalia
970 1006 1085 1059 sive
1128 1006 1506 1077 particularia.

339 1092 484 1161 „Sed
526 1110 705 1162 neque
750 1091 919 1144 efficit
946 1091 1185 1144 Romani
1216 1091 1501 1144 Pontificis
1543 1091 1931 1157 infallibilitaS,
1974 1099 2035 1144 ut
2064 1091 2326 1163 Episcopi
2355 1109 2470 1145 ces·

186 1184 309 1232 sent
351 1195 468 1230 esse
510 1178 627 1230 veri
657 1177 993 1248 proprieque
1020 1175 1152 1228 dicti
1181 1176 1237 1228 in
1267 1177 1445 1229 causis
1475 1176 1605 1228 fidei
1635 1176 1844 1243 medicea,
1885 1183 2003 1229 tum
2045 1178 2175 1247 quia
2201 1177 2318 1229 veri
2346 1181 2471 1230 sunt

186 1271 242 1318 et
294 1270 584 1317 remanent
636 1263 847 1316 iudices
900 1264 1140 1334 proximi
1192 1263 1247 1314 in
1291 1264 1401 1315 suis
1445 1262 1819 1328 dioecesibuS,
1878 1264 1933 1316 in
1976 1263 2216 1334 Synodis
2258 1262 2470 1317 dioece-

187 1351 332 1403 sanis
375 1355 430 1402 et
471 1348 934 1421 provincialibus3
978 1354 1095 1400 tum
1138 1348 1266 1418 quia
1308 1366 1380 1400 ex
1423 1366 1504 1413 eo,
1548 1348 1695 1419 quod
1718 1348 1985 1402 Pontifex
2024 1348 2332 1401 infallibilis
2372 1356 2471 1415 est,
2510 1349 2511 1352 ’

187 1437 507 1489 nullatenus
550 1436 816 1506 sequitur,
862 1452 989 1487 eum
1034 1435 1218 1487 omnia
1261 1453 1360 1503 per
1395 1453 1452 1487 se
1496 1442 1550 1487 et
1591 1435 1729 1488 citra-
1770 1435 2036 1488 iudicium
2077 1435 2311 1488 aliorum
2339 1434 2471 1504 Epi-

186 1541 480 1594 scoporum
537 1522 767 1575 definire
826 1521 968 1574 velle
1026 1527 1121 1574 aut
1179 1521 1409 1574 definire
1452 1521 1684 1588 debere3
1743 1527 1859 1574 tum
1903 1522 2171 1592 denique,
2230 1521 2360 1591 quia
2399 1538 2470 1574 e).

185 1609 576 1678 theologorum
630 1607 885 1660 doctrina
926 1607 1308 1659 Romanorum
1350 1607 1685 1659 Pontificum
1736 1626 1847 1660 non
1889 1607 2070 1659 minus
2122 1624 2185 1659 ac
2224 1607 2470 1677 ipsorun.

187 1695 564 1748 Conciliorum
622 1693 1049 1746 irreformabilia
1092 1693 1317 1746 decreta
1368 1693 1564 1745 subiici
1620 1699 1851 1765 possunt
1892 1693 2298 1764 Episcoporum
2340 1711 2470 1746 exa--

187 1781 320 1833 mini
362 1799 424 1833 ac
466 1779 689 1845 iudicio,
728 1797 838 1832 non
882 1779 1107 1849 quidem
1151 1779 1508 1832 dissensionis
1550 1779 1638 1833 vel
1680 1780 2024 1846 reiectionis,
2067 1779 2163 1832 sed
2204 1779 2351 1850 quod
2390 1780 2468 1832 in·>

185 1865 519 1929 structionis,
564 1865 898 1917 assensionis
942 1871 1107 1935 atque
1150 1865 1569 1936 approbationis
1610 1866 1916 1936 appellant,
1958 1865 2216 1937 quodque
2259 1865 2328 1918 ad
2357 1866 2461 1936 ple·

186 1969 312 2004 nam
355 1968 541 2003 causae
580 1952 910 2020 manitionem
957 1950 1225 2019 pertinet,
1287 1951 1596 2003 cuiusmodi
1638 1969 1875 2004 examen
1918 1951 1972 2002 in
2017 1950 2265 2004 Concilio
2308 1950 2463 2004 Chal·

185 2037 484 2090 cedonensi
514 2036 906 2089 instituebatur
936 2037 1082 2088 circa
1111 2036 1482 2106 dogmaticam
1503 2037 1692 2090 Sancti
1715 2036 1920 2089 Leonis
1940 2036 2131 2106 Magni
2161 2036 2463 2107 epistolam.

186 2123 270 2176 De
314 2141 422 2193 qua
475 2141 533 2175 re
577 2130 799 2193 praeter
841 2122 978 2174 alios
1020 2140 1219 2191 graves
1273 2127 1527 2175 auctores
1578 2122 1895 2175 consulatur
1937 2123 2236 2176 Ballerini:
2290 2121 2376 2175 De
2416 2123 2464 2175 vi

187 2225 248 2259 ac
290 2208 506 2260 ratione
548 2207 828 2260 Primatus
871 2224 914 2258 c.
963 2207 1079 2260 13ss

336 2293 521 2354 Quum
563 2298 861 2363 utrumque
905 2291 1011 2345 hoc
1053 2293 1108 2343 in
1140 2291 1685 2362 Congregationibus
1714 2293 2071 2363 generalibus
2113 2294 2334 2365 saepius
2376 2293 2466 2347 ob-

185 2379 448 2432 iiceretur
502 2384 669 2449 atque
723 2380 844 2449 ipsa
888 2378 1076 2430 divina
1116 2378 1403 2431 Ecclesiae
1457 2380 1776 2432 constitutio
1834 2379 2247 2432 infallibilitatis
2288 2380 2467 2450 ponti-

184 2464 342 2517 ficiae
386 2464 708 2517 definitione
752 2465 806 2515 in
848 2464 1159 2535 periculum
1202 2465 1390 2516 vocari
1432 2465 1726 2531 diceretur,
1767 2465 2077 2536 Episcopus
2118 2465 2467 2518 Brixinensis

184 2551 241 2602 in
282 2550 554 2603 relatione
597 2551 819 2602 nomine
864 2550 1238 2619 deputationis
1278 2550 1505 2603 habita1
1549 2551 1617 2603 de
1661 2570 1726 2603 ea
1766 2568 1825 2603 re
1867 2552 2179 2604 accuratius
2221 2551 2465 2604 disserit:

338 2636 600 2703 „Dictum
643 2642 749 2688 est:
798 2635 1049 2689 Concilia
1090 2637 1376 2705 generalia
1414 2637 1806 2707 inposterum
1858 2637 1967 2689 iam
2018 2655 2129 2690 non
2171 2643 2334 2690 erunt
2374 2655 2466 2690 ne-

185 2722 439 2775 cessaria.
521 2721 882 2791 Respondeo:
938 2721 1118 2773 Erunt
1158 2722 1212 2773 in
1257 2727 1538 2791 posterum
1581 2723 1911 2789 necessaria,
1952 2724 2093 2775 sicut
2134 2729 2292 2776 erant
2331 2729 2467 2776 tem·
2546 2727 2548 2731 ⁴

186 2807 413 2878 poribus
455 2807 724 2859 anteactis
782 2808 1120 2871 necessaria;
1179 2807 1432 2861 absolute
1484 2809 1796 2861 necessaria
1851 2826 2134 2879 nunquam
2177 2814 2365 2876 erant,
2421 2809 2465 2862 si

184 2892 455 2962 agebatur
497 2892 844 2944 solummodo
888 2892 955 2945 de
996 2893 1232 2945 veritate
1277 2900 1425 2946 certe
1469 2894 1858 2963 cognoscenda
1899 2894 1967 2946 ab
2006 2895 2070 2947 iis
2100 2893 2305 2947 Christi
2332 2893 2465 2948 fide·
2542 2933 2546 2936 ,

182 2978 346 3045 libus,
390 2979 481 3048 qui
524 2984 683 3030 erant
725 2978 902 3030 bonae
940 2979 1259 3031 voluntatis,
1313 2979 1584 3032 Poterant
1625 2981 1771 3032 enim
1801 2981 2093 3033 veritatem
2129 2997 2464 3050 cognoscere

185 3080 284 3134 per
340 3063 681 3115 ordinarium
723 3064 1105 3133 magisterium
1147 3064 1462 3132 Ecclesiae,
1516 3065 1572 3117 id
1615 3071 1725 3133 est,
1780 3065 2182 3136 Episcoporum
2224 3083 2465 3119 commu-

184 3150 411 3202 nionem
453 3167 577 3201 cum
619 3166 775 3202 sacra
804 3150 1131 3219 Apostolica
1169 3150 1313 3203 Sede
1354 3150 1712 3204 habentium:
1754 3151 1849 3204 ubi
1891 3152 2037 3204 enim
2077 3151 2347 3218 Ecclesia,
2388 3151 2464 3205 ibi

184 3242 268 3287 est
311 3235 548 3306 Spiritus
590 3234 726 3302 Dei,
783 3241 837 3287 et
892 3235 985 3287 ubi
1030 3235 1268 3306 Spiritus
1309 3236 1448 3303 Dei,
1507 3238 1583 3290 ibi
1634 3238 1839 3290 veritas
1890 3243 1999 3304 est,
2059 3238 2234 3290 omnis
2286 3238 2464 3308 gratia

185 3321 439 3392 Spiritus,
484 3321 722 3392 Spiritus
764 3328 949 3374 autem
995 3331 1075 3374 est
1116 3323 1338 3390 veritas,
1383 3323 1514 3376 dicit
1556 3324 1609 3377 S.
1652 3324 1935 3377 Irenaeus.
2013 3324 2282 3377 Poterant
2323 3323 2463 3376 veri-

183 3413 355 3460 tatem
399 3425 733 3477 cognoscere
777 3426 848 3460 ex
890 3408 1228 3461 solemnibus
1272 3409 1598 3478 dogmaticis
1641 3410 2054 3463 definitionibus
2082 3410 2462 3463 Romanorum

185 3492 546 3544 Pontificum:
602 3493 767 3560 ,Quid
810 3492 990 3546 adhuc
1032 3495 1251 3564 quaeris
1294 3496 1580 3559 examen,‘
1624 3495 1756 3547 dicit
1795 3493 2146 3564 Augustinus
2186 3495 2256 3547 ad
2296 3495 2462 3547 Iulia-

186 3596 316 3629 num
337 3576 373 3645 2,
427 3578 590 3649 ,quod
646 3580 755 3631 iam
809 3578 1016 3631 factum
1059 3585 1141 3632 est
1193 3580 1342 3651 apud
1386 3580 1589 3633 Sedem
1631 3580 2076 3651 Apostolica111P‘
2134 3581 2238 3633 His
2279 3579 2461 3633 verbis

186 3663 332 3716 clare
374 3663 694 3733 indigitanS,
738 3665 954 3735 prolato
984 3664 1188 3718 iudicio
1220 3665 1379 3718 Sedis
1408 3666 1780 3736 Apostolicae,
1824 3666 1892 3719 de
1935 3667 2170 3719 veritate
2211 3666 2319 3718 iam
2348 3682 2461 3718 cer-

337 3848 350 3874 ¹
391 3848 446 3896 C.
495 3849 557 3896 V.
609 3851 748 3897 39Ta
787 3864 896 3912 sqq.
1090 3848 1106 3875 ²
1145 3849 1339 3898 Contra
1389 3850 1574 3897 Iulian.
1628 3849 1714 3898 lib.
1766 3850 1834 3897 ΙΙ.
1890 3867 1937 3899 n.
1993 3853 2100 3900 103.
2162 3849 2355 3913 [Migne
2401 3849 2456 3897 P.

187 3925 244 3972 L.
281 3925 440 3972 XLV.
485 3925 648 3985 1183]
