2548 4290
452 192 697 235 Comment.
728 191 787 232 II.
840 192 909 230 Dc
941 189 1245 243 possibilitate
1276 191 1420 227 natur.
1457 187 1727 238 cognitionis
1759 185 1858 225 Dei.
2190 178 2258 229 33

49 358 225 405 error,
273 338 470 404 „Deum
507 353 672 388 unum
711 340 754 386 et
790 350 988 399 verum,
1030 331 1314 384 Creatorem
1351 335 1395 381 et
1431 330 1719 380 Dominum
1757 333 2014 392 nostrum,
2058 342 2154 394 per
2190 342 2264 390 ea,

48 439 177 496 quae
214 421 367 489 facta
418 425 565 484 sunt,
616 417 849 469 naturali
898 416 1117 467 rationis
1167 415 1425 465 humanae
1475 414 1667 464 lumine
1714 418 1841 463 certo
1890 413 2113 482 coquosci
2160 429 2265 464 non

42 506 225 576 posse“.
277 505 342 556 In
381 504 463 554 his
501 502 605 554 duo
646 519 716 553 ex
757 499 1095 552 documentis
1135 497 1364 550 Concilii
1403 497 1706 548 accuratius
1746 496 2074 565 explicanda
2112 501 2262 548 sunt:

27 574 153 660 'qua
189 589 397 641 ratione
438 585 642 638 homini
690 584 950 636 naturalis
1002 581 1329 634 attribuatur
1380 580 1611 633 facultas
1649 581 1828 633 Deum
1880 581 2263 651 cognoscendi,

53 678 106 725 et
146 671 275 741 quid
314 670 474 721 homo
515 668 580 719 de
622 667 741 719 Deo
782 666 1103 718 naturaliter
1143 681 1470 733 cognoscere
1511 682 1667 734 posse
1711 665 1972 719 dicatur.-

195 754 239 807 I.
290 753 471 805 Homo
513 751 708 803 dicitur
758 750 992 803 naturali
1042 749 1266 800 rationis
1316 748 1519 799 lumine
1560 748 1738 800 Deum
1790 767 1818 801 e
1858 749 2018 801 rebus
2074 750 2268 802 creatis

54 843 200 891 certo
241 852 563 904 cognoscere
604 852 777 903 posse.

197 920 388 972 Voluit
426 937 563 970 unus
604 935 673 969 ex
713 917 993 981 PatribuS,
1045 917 1101 967 in
1141 916 1317 984 capite
1359 921 1412 967 61
1452 932 1658 968 canone
1709 917 1775 968 ad
1815 918 2039 969 rationis
2079 935 2267 970 vocem

56 1003 183 1057 addi
226 1004 336 1070 „uti
375 1021 516 1054 nunc
557 1003 689 1068 est“,
728 1006 788 1053 ut
826 1002 988 1053 homo
1030 999 1287 1068 explicite
1328 999 1383 1050 in
1423 1004 1565 1050 statu
1607 1005 1833 1052 naturae
1875 1002 2059 1071 lapsae
2088 1001 2269 1054 Deum

55 1087 373 1140 naturaliter
402 1103 726 1155 cognoscere
757 1103 911 1152 posse
943 1085 1211 1136 diceretur
1231 1082 1264 1134 1.
1317 1083 1624 1152 Respondit
1651 1086 1706 1135 in
1746 1086 2011 1138 relatione
2052 1087 2270 1139 nomine

58 1170 422 1241 deputationis
464 1170 647 1221 habita
686 1169 850 1220 Rffius
890 1167 1105 1231 Gasser,
1143 1167 1323 1235 Episc.
1363 1167 1719 1234 BrixinensiS,
1761 1170 1855 1222 illa
1894 1170 2087 1236 verba,
2131 1188 2271 1239 quae

57 1261 217 1308 antea
264 1255 371 1306 iam
422 1253 746 1319 adfuissent,
802 1252 980 1304 deleta
1029 1269 1172 1316 esse,
1230 1268 1383 1317 „cum
1435 1269 1529 1320 ca,
1580 1270 1718 1321 quae
1767 1254 1820 1304 in
1874 1255 1975 1306 ista
2025 1255 2273 1307 doctrina

59 1339 351 1404 docentur,
405 1338 706 1406 generatim
758 1354 886 1388 vera
925 1335 1176 1387 habenda
1215 1335 1346 1400 sint,
1398 1337 1510 1388 sive
1551 1342 1794 1388 sumatur
1834 1339 1993 1390 homo
2034 1340 2089 1391 in
2130 1345 2273 1391 statu

57 1428 281 1476 naturae
322 1440 487 1491 purae
527 1422 639 1473 sive
689 1421 743 1471 in
784 1425 927 1472 statu
966 1424 1192 1470 naturae
1232 1418 1446 1487 lapsac“
1476 1418 1512 1471 2.
1572 1421 1803 1488 „Agitur
1854 1422 1908 1472 in
1960 1440 2163 1490 genere
2206 1423 2273 1475 de

57 1506 366 1559 conditione
405 1510 630 1558 naturae
672 1504 990 1558 humanae.“
1015 1502 1035 1533 3
1420 1566 1424 1569 ,

201 1589 331 1650 Quis
382 1589 449 1641 sit
496 1606 683 1640 sensus
736 1587 1088 1652 definitioniS,
1140 1586 1420 1655 praeclare
1476 1586 1776 1639 illustratur
1827 1589 1962 1654 illis,
2015 1609 2152 1660 quae
2194 1608 2275 1643 re-

59 1673 347 1743 spondenti
404 1672 693 1724 schematis
748 1672 813 1723 de
874 1670 1120 1723 doctrina
1182 1669 1448 1721 catholica
1510 1670 1629 1722 loco
1694 1673 1958 1724 adnotant
2015 1675 2276 1743 theologi.

63 1757 277 1823 „Tria“,
334 1756 616 1823 inquiunt,
678 1755 796 1821 „hic
845 1754 1083 1806 notanda
1133 1761 1272 1806 sunt.
1356 1756 1399 1805 1.
1444 1754 1778 1823 Supponitur
1833 1775 1963 1809 sane
2014 1776 2141 1810 usus
2193 1776 2276 1811 ra-

58 1841 236 1893 tionis.
313 1841 361 1893 2.
404 1839 527 1891 Non
569 1845 647 1891 est
698 1840 941 1907 quaestio
984 1839 1048 1890 (16
1077 1838 1247 1905 facte,
1300 1843 1480 1889 utrum
1520 1840 1719 1907 singuli
1762 1841 2006 1893 homines
2048 1844 2274 1911 primam

60 1943 209 1976 suam
249 1923 613 1992 cognitionem
641 1923 746 1974 Dei
786 1923 1037 1975 hauriant
1076 1940 1146 1973 ex
1186 1922 1280 1974 illa
1319 1922 1552 1973 naturali
1580 1924 2032 1991 manifestatione,
2075 1933 2129 1978 et
2167 1946 2274 1980 non

62 2008 239 2077 potius
294 2025 390 2076 per
443 2007 833 2059 revelationem
898 2007 960 2057 iis
1014 2006 1346 2075 propositam
1406 2007 1716 2058 excitentur
1781 2009 1848 2060 ad
1903 2011 2275 2078 quaerendum

61 2091 258 2157 Deum,
300 2096 354 2142 et
381 2090 558 2142 Deum
588 2090 851 2141 exsistere
881 2089 1090 2140 discant
1129 2108 1197 2141 ex
1233 2090 1349 2159 ipsa
1388 2089 1488 2140 sibi
1530 2092 1806 2159 proposita
1847 2092 2091 2146 doctrina
2127 2113 2278 2148 reve-

61 2174 198 2240 lata;
252 2174 345 2225 sed
385 2173 468 2240 id,
512 2173 577 2224 de
619 2190 724 2242 quo
765 2173 960 2241 agitur,
1004 2179 1056 2224 et
1097 2173 1241 2242 quod
1282 2173 1593 2240 Scripturas
1635 2175 1946 2228 immediate
1988 2178 2279 2244 affirmant,

63 2263 142 2310 est
175 2259 397 2326 potentia
435 2257 686 2321 rationis3
739 2257 882 2325 quod
935 2257 1186 2307 nimirum
1239 2257 1510 2309 obiectiva
1560 2257 1665 2309 Dei
1717 2278 1814 2328 per
1856 2268 2129 2313 creaturas
2169 2281 2279 2314 ma-

63 2340 335 2393 nifestatio
388 2341 668 2392 ordinatur
718 2340 784 2392 ad
826 2341 1117 2391 humanam
1168 2341 1433 2392 rationem
1488 2346 1541 2392 et
1591 2342 1716 2393 huic
1767 2344 1949 2395 insunt
1999 2345 2167 2412 vireS,
2220 2353 2279 2398 ut

56 2427 215 2494 possit
252 2442 321 2477 ex
361 2425 455 2476 illa
494 2425 931 2477 manifestatione
971 2424 1150 2476 Deum
1193 2442 1537 2493 cognoscere.
1616 2426 1703 2477 Ex
1755 2445 1859 2495 quo
1911 2430 2098 2497 utique
2154 2447 2279 2481 con-

65 2509 305 2577 sequitur
345 2508 607 2559 naturalis
648 2507 906 2576 obligatio
949 2526 1045 2576 pro
1085 2507 1304 2560 homine
1346 2527 1443 2578 per
1484 2509 1623 2560 hanc
1665 2511 2194 2578 manifestationem,
2236 2514 2279 2564 si

66 2591 172 2643 alia
209 2591 481 2659 praesidia
523 2591 725 2657 desint,
778 2591 1132 2660 perveniendi
1173 2592 1240 2643 ad
1282 2592 1648 2660 cognitionem
1689 2594 1822 2657 Dei,
1876 2596 2020 2664 quod
2061 2597 2280 2666 quidem

68 2692 100 2726 a
138 2674 191 2727 S.
220 2675 391 2726 Paulo
433 2681 486 2726 61
524 2676 579 2725 111
618 2675 756 2726 libro
798 2675 1106 2742 Sapientiae
1147 2676 1201 2727 ll.
1245 2693 1319 2727 cc.
1362 2675 1543 2744 [Rom.
1575 2679 1620 2742 1,
1664 2679 1747 2728 21.
1799 2678 1924 2748 Sap.
1961 2682 2040 2745 13,
2088 2683 2109 2731 1
2144 2681 2280 2749 sqq]

70 2757 291 2810 docetur
330 2758 545 2811 diserte.
600 2762 647 2810 3.
676 2758 800 2810 Non
829 2764 1089 2811 tractatur
1130 2760 1215 2811 hic
1255 2760 1498 2828 quaestio
1532 2762 1835 2828 generatim
1865 2763 1931 2814 de
1961 2764 2282 2816 conditioni-

69 2841 167 2893 bus
206 2842 539 2907 necessariiS,
579 2847 638 2892 111
665 2841 824 2893 1101110
864 2843 1147 2910 perveniat
1188 2843 1254 2894 ad
1295 2861 1450 2894 usum
1492 2845 1765 2896 1·ationis.“
1794 2845 1815 2875 4

212 2925 404 2994 Itaque
457 2925 680 2977 docetur
721 2944 751 2977 a
792 2925 1062 2991 Concilio,
1113 2927 1291 2978 Deum
1348 2928 1556 2979 ratione
1617 2929 1851 2980 humana
1905 2936 2027 2982 recte
2079 2932 2285 2999 evoluta,

70 3009 232 3061 etiam
281 3011 335 3060 in
374 3014 506 3060 statu
546 3014 763 3060 naturae
800 3010 970 3077 lapsae
1011 3027 1038 3061 6
1078 3009 1240 3061 rebus
1282 3012 1473 3062 creatis
1517 3013 1768 3079 cognosci
1803 3031 1974 3081 posse,
2026 3020 2188 3083 atque
2229 3016 2284 3066 id

71 3091 288 3160 quidem
327 3108 441 3142 cum
481 3092 785 3144 certitudine.
838 3092 1045 3152 Quibus
1085 3093 1335 3145 subsidiis
1374 3094 1511 3146 ratio
1552 3095 1811 3163 indigeat,
1854 3104 1912 3147 ut
1948 3103 2097 3150 recte
2138 3098 2286 3150 evol-

7 3232 11 3234 *
71 3180 255 3240 vatur,
308 3193 416 3227 non
468 3175 680 3227 dicitur.
758 3177 1002 3244 Negatur
1048 3181 1259 3242 tamen,
1314 3178 1361 3229 ei
1412 3196 1545 3247 opus
1586 3197 1701 3231 6556
1758 3181 2149 3233 revelationem
2190 3199 2285 3234 seu

72 3258 218 3310 aliud
266 3258 485 3327 aliquod
539 3258 910 3310 adiumentum
962 3261 1392 3329 supernaturale.
1479 3260 1644 3314 Cuius
1694 3263 1973 3316 doctrinae
2024 3265 2284 3330 definitio,

73 3345 131 3392 ut
179 3341 371 3393 aiunt5
411 3343 601 3394 Patres
654 3343 898 3410 deputati
949 3344 1002 3394 in
1042 3343 1173 3395 folio
1212 3344 1474 3396 schemati
1525 3346 1764 3410 adiecto,
1818 3350 2120 3400 necessaria
2171 3350 2286 3401 visa

74 3428 154 3474 651
206 3441 345 3489 „non
384 3425 555 3477 solum
596 3433 817 3494 propter
860 3426 1394 3489 traditionalismum,
1447 3429 1542 3480 sed
1582 3430 1744 3481 etiam
1788 3437 2009 3500 propter
2050 3450 2286 3483 errorem

73 3507 182 3559 late
222 3514 544 3577 serpentem,
590 3509 695 3561 Dei
736 3511 1107 3561 exsistentiam
1147 3511 1310 3563 nullis
1348 3512 1513 3563 firmis
1554 3516 1885 3582 argumentis
1926 3516 2145 3584 probari
2186 3533 2286 3568 nec

75 3590 302 3658 proinde
342 3592 550 3644 ratione
581 3598 726 3645 certo
757 3594 1025 3661 cognosci.
1055 3624 1121 3629 —
1151 3593 1308 3653 Quod
1349 3613 1476 3646 vero
1519 3597 1584 3648 ad
1626 3597 2134 3649 traditionalismum
2165 3616 2286 3668 per-

222 3777 236 3804 ¹
273 3779 662 3827 Emendationes
700 3786 794 3828 etc.
864 3783 970 3829 Em.
1007 3785 1051 3829 5.
1121 3782 1175 3829 O.
1216 3785 1274 3831 V.
1313 3787 1432 3832 21a.
1502 3787 1610 3833 Em.
1646 3788 1724 3833 51.
1795 3787 1848 3834 O.
1886 3787 1944 3833 V.
1987 3790 2134 3835 12511.

222 3852 239 3879 ²
274 3853 472 3901 Relatio
510 3859 605 3902 etc.
675 3855 728 3903 O.
764 3857 825 3905 V.
867 3860 950 3903 131
972 3858 1016 3904 d.
1195 3858 1210 3884 3
1249 3861 1376 3907 Ibid.
1446 3861 1500 3908 O.
1537 3861 1598 3907 V.
1642 3863 1732 3907 150
1750 3877 1794 3908 a.

222 3928 241 3954 ²*
274 3930 644 3978 Annotationes
681 3938 775 3979 etc.
846 3933 899 3980 O.
936 3934 997 3981 V.
1034 3936 1183 3983 5200.
1211 3937 1255 3982 d.
1435 3936 1450 3962 5
1487 3937 1636 3983 Ratio
1674 3941 1768 3985 etc.
1839 3938 1893 3985 O.
1930 3940 1991 3987 V.
2032 3942 2089 3986 79
2110 3957 2148 3987 c.
2176 3941 2222 3988 d.

165 4014 196 4045 G
207 4023 288 4045 ran
299 4015 380 4045 der
393 4017 437 4046 at
448 4016 471 4045 11
485 4039 492 4051 ,
524 4015 682 4047 Constit.
705 4017 872 4056 dogmat.
1913 4021 1938 4059 ὃ
