2548 4290
225 133 331 185 226
414 135 527 176 Pars
559 134 618 175 11.
671 131 825 175 Const.
861 132 916 174 de
947 131 1074 173 Eccl.
1139 130 1252 185 Cap.
1284 131 1368 172 ΙΙΙ.
1415 131 1525 186 Ipsa
1559 132 1754 175 Constit.
1788 145 1892 174 cum
1924 133 2317 178 adnotationibus.

377 280 471 351 [5.]
502 281 576 334 Et
604 279 866 349 quoniam
896 278 1082 331 divino
1111 277 1423 348 Apostolici
1462 279 1731 348 primatus
1772 280 1890 333 iure
1920 280 2204 335 Romanus
2230 283 2496 337 Pontifex

224 370 515 422 universae
555 364 843 418 Ecclesiae
885 369 1128 433 praeest,
1184 364 1444 416 docemus
1484 364 1652 417 etiam
1694 369 1748 418 et
1789 365 2166 436 declaranmS,
2208 386 2333 421 eum
2376 387 2493 423 esse

223 442 465 495 iudicem
506 457 826 510 supremum
869 438 1117 491 fidelium
1138 438 1207 506 a),
1251 444 1306 491 et
1344 438 1399 489 in
1429 438 1683 491 omnibus
1713 441 1889 493 causis
1931 441 2000 494 ad
2043 459 2280 495 examen
2322 444 2496 497 eccle-

223 528 499 580 siasticum
543 524 923 595 spectantibus
965 523 1035 576 ad
1076 524 1247 593 ipsius
1277 541 1437 594 posse
1466 523 1730 576 iudicium
1759 527 1969 579 recurri
1990 526 2043 594 b)
2069 526 2110 593 1;
2165 527 2323 581 Sedis
2363 546 2495 583 vero

372 712 422 773 a)
460 712 537 760 Pii
575 712 678 760 PP.
716 712 808 761 VI.
847 713 1030 772 Breve,
1071 711 1238 773 Super
1277 712 1541 760 soliditate
1580 712 1626 760 d.
1666 713 1744 760 28.
1782 711 1915 761 Nov.
1957 715 2099 762 1786.

371 790 423 849 b)
461 790 658 839 Concil.
699 789 910 838 Oecum.
949 790 1187 850 Lugdun.
1228 789 1299 838 II.
1372 788 1552 848 [Hard.
1592 788 1645 837 C.
1685 789 1739 837 C.
1780 789 1902 850 VII,
1943 789 2073 851 698]

221 929 279 973 ut
316 926 478 987 aiunt,
516 926 681 973 visum
719 926 879 973 fuerit
918 925 1189 988 expedire,
1240 929 1332 971 aut
1368 924 1702 987 permittendi
1738 930 1828 972 aut
1864 925 2190 988 impediendi.
2263 927 2500 976 Iamvero

222 1003 359 1065 quod
398 1020 428 1051 a
467 1004 718 1064 scriptore
757 1001 1093 1063 ,Mediatoris‘
1134 1003 1196 1050 de
1236 1000 1365 1061 (illa)
1414 1018 1517 1049 una
1555 1002 2035 1051 communicationis
2085 1005 2255 1065 specie
2294 1005 2500 1067 dicitur,

219 1083 441 1145 idipsum
480 1099 510 1129 a
535 1081 894 1140 Febronianis,
933 1081 1195 1143 regalistis
1235 1096 1520 1143 eorumque
1555 1080 1865 1142 sequacibus
1895 1081 2196 1130 extenditur
2230 1084 2295 1131 ad
2333 1087 2501 1132 totum

219 1176 385 1223 genus
424 1176 693 1208 omnemve
731 1160 956 1220 modum,
999 1175 1098 1222 quo
1126 1158 1345 1206 Romani
1370 1157 1649 1206 Pontifices
1688 1175 1801 1206 cum
1840 1160 2138 1222 pastoribus
2176 1163 2227 1209 et
2262 1160 2503 1210 fidelibus

222 1240 382 1287 totius
422 1239 560 1287 orbis
610 1238 1009 1286 communicant.
1082 1237 1149 1285 Et
1196 1238 1270 1285 ita
1318 1237 1398 1284 ius
1448 1252 1559 1285 esse
1595 1236 1884 1299 principum
1923 1238 2244 1287 contendunt
2294 1239 2504 1288 videndi

221 1333 280 1365 ac
316 1317 621 1381 inspiciendi
672 1318 881 1365 decreta
931 1333 990 1364 ac
1028 1316 1457 1376 constitutiones,
1515 1331 1648 1378 quae
1684 1331 1715 1363 a
1751 1315 1998 1364 Romanis
2034 1316 2373 1366 Pontificibus
2408 1333 2502 1381 pro

220 1397 557 1445 ecclesiarum
610 1396 860 1458 regimine
909 1396 1303 1458 animarumque
1351 1395 1520 1442 salute
1570 1394 1709 1442 edita
1747 1394 1812 1442 ad
1848 1398 2085 1456 pastores
2133 1400 2291 1459 atque
2326 1396 2502 1445 fideles

220 1477 524 1524 mittuntur:
579 1475 707 1522 adeo
746 1478 804 1522 ut
844 1474 1055 1522 decreta
1090 1475 1170 1521 vel
1209 1473 1608 1522 constitutiones
1648 1474 1898 1522 eiusmodi
1951 1474 1999 1522 vi
2038 1490 2097 1523 ac
2133 1475 2311 1525 valore
2350 1476 2505 1524 desti-

221 1558 456 1614 tuantur,
495 1554 592 1601 nisi
630 1553 957 1615 beneplacito
997 1552 1279 1600 saecularis
1318 1552 1583 1614 regiminis
1621 1553 1843 1614 probata
1870 1569 1928 1600 ac
1956 1553 2266 1602 confirmata
2290 1555 2504 1604 fuerint.

221 1633 302 1680 Ad
340 1633 443 1680 tale
481 1636 654 1680 autem
693 1632 982 1694 principum
1021 1631 1100 1678 ius
1138 1631 1473 1678 asserendum
1512 1646 1614 1678 non
1658 1631 1862 1692 desunt,
1905 1632 1993 1695 qui
2030 1636 2238 1694 praeter
2275 1634 2505 1681 rationes

222 1711 462 1773 superius
500 1726 529 1757 a
570 1706 886 1771 ,Mediatore‘
926 1709 1112 1757 allatas
1150 1709 1283 1756 hanc
1323 1724 1531 1772 quoque
1563 1708 1857 1771 proferunt,
1896 1709 2035 1772 quod
2073 1708 2338 1758 Romanus
2376 1710 2507 1759 Pon-

222 1789 353 1836 tifex
386 1789 437 1835 in
476 1788 695 1836 aliorum
734 1787 1024 1850 principum
1064 1787 1261 1834 ditione
1299 1791 1547 1848 tanquam
1585 1787 1636 1833 in
1663 1787 1928 1835 territorio
1962 1787 2131 1835 alieno
2164 1788 2291 1835 nihil
2317 1792 2508 1851 potes-3.

224 1866 693 1927 Quaesententia,
733 1866 1170 1928 quemadmodum
1211 1865 1493 1927 opponitur
1531 1864 1816 1913 definitioni
1854 1865 2206 1928 Florentinae,
2247 1883 2349 1930 qua
2386 1866 2509 1916 diol-

224 1951 308 1994 tur
344 1945 609 1993 Romanus
645 1944 892 1991 Pontifex
930 1945 996 2004 ,in
1035 1945 1335 1992 universum
1384 1945 1561 1992 orbem
1600 1948 1778 1992 tenere
1817 1943 2139 2006 primatum‘:
2188 1945 2262 1992 ita
2298 1945 2507 1993 decreto

225 2024 386 2086 Cong.
415 2023 462 2071 S.
492 2022 591 2070 Off.
624 2024 783 2084 1644„
822 2024 1110 2085 approbato
1148 2024 1212 2071 ab
1251 2021 1558 2070 Innocentio
1596 2020 1661 2069 X.
1701 2025 1751 2069 et
1790 2021 2057 2070 Clemente
2093 2021 2188 2070 XI.
2227 2022 2467 2072 Constitu
2483 2041 2508 2073 2.

225 2100 572 2165 ‚Accepimus‘
615 2104 688 2149 11.
729 2101 842 2149 Iun.
883 2102 1042 2162 1715„
1083 2100 1349 2149 declarata
1386 2100 1462 2148 uti
1499 2100 1764 2148 haeretica
1800 2099 1899 2149 fuit
1935 2101 2013 2149 his
2050 2101 2248 2150 verbis:
2297 2102 2509 2165 ,Propr-

228 2182 361 2241 sitic,
402 2180 639 2228 Summos
678 2179 971 2238 PontificeS‚
1012 2195 1126 2227 eum
1168 2195 1287 2226 suas
1326 2178 1728 2227 constitutiones
1765 2178 1816 2226 in
1857 2194 1917 2226 ea
1951 2178 2067 2227 loca
2103 2179 2331 2242 mittunt,
2377 2196 2508 2244 quae

228 2259 503 2321 temporali
540 2258 762 2306 aliorum
801 2258 1095 2321 principum
1132 2257 1312 2306 ditioni
1342 2257 1576 2305 subiecta
1603 2260 1739 2318 sunt,
1778 2257 1829 2304 in
1856 2257 2121 2305 territorio
2147 2258 2316 2307 alieno
2343 2260 2508 2323 legen

227 2340 390 2386 ferre:
432 2337 760 2385 schismatica
795 2341 845 2384 et
881 2336 1147 2384 haeretica
1185 2333 1555 2384 declaratur.‘“

382 2419 393 2443 ¹
435 2417 562 2463 Tres
610 2415 794 2463 Patres
847 2416 983 2463 hunc
1038 2414 1207 2462 locum
1260 2420 1510 2477 tanquam
1565 2414 1781 2461 Concilii
1832 2413 2200 2477 Lugdunensis
2235 2416 2307 2465 II.
2360 2417 2510 2466 citaii

228 2498 512 2545 noluerunt
551 2493 977 2555 (Emendationes
1017 2498 1113 2541 etc.
1176 2492 1232 2542 C.
1269 2492 1333 2542 V.
1371 2495 1528 2543 344b.
1559 2492 1620 2552 e.)
1681 2493 1775 2541 His
1812 2494 2093 2556 respondet
2129 2494 2290 2543 Rffius
2326 2495 2509 2544 Zinelli

226 2576 278 2623 in
326 2574 579 2623 relatione
627 2573 835 2620 nomine
888 2573 1239 2634 deputationis
1292 2573 1469 2621 habita
1508 2571 1585 2632 (C.
1624 2572 1687 2621 V.
1726 2574 1867 2621 3623,
1905 2571 2067 2636 sqq.):
2126 2574 2298 2634 „Haec
2346 2577 2506 2625 verba

228 2671 342 2703 cum
385 2654 487 2701 sint
537 2653 780 2714 decerpta
819 2668 848 2699 a
888 2652 1198 2699 documento
1246 2652 1461 2700 solemni
1514 2651 1565 2699 in
1604 2650 1833 2699 Concilio
1872 2651 2210 2713 Lugdunensi
2248 2653 2318 2701 II.
2356 2653 2507 2713 lecto,

230 2748 517 2795 congruum
559 2735 697 2790 erat,
745 2734 803 2777 ut
842 2730 890 2777 id
929 2730 978 2777 in
1016 2730 1115 2778 fine
1152 2731 1373 2793 paginae
1410 2731 1766 2778 adnotaretur.
1837 2729 1993 2778 Nullo
2041 2731 2194 2778 modo
2233 2731 2421 2779 dicitur
2455 2732 2508 2779 in

228 2811 518 2870 schemate,
571 2808 857 2857 Concilium
908 2808 1606 2871 Lugdunense-definivisse
1660 2807 1858 2871 aliquid
1911 2824 2066 2869 super
2118 2808 2267 2857 dictis
2319 2809 2507 2868 verbis,

230 2889 393 2937 multo
432 2888 617 2948 minus,
655 2903 872 2949 graecos
898 2887 1160 2935 antistites
1195 2887 1470 2934 formulam
1497 2887 1769 2948 integram,
1810 2902 1840 2934 a
1865 2902 1968 2949 qua
1995 2902 2055 2934 ea
2080 2887 2239 2935 verba
2265 2887 2509 2950 decerpta

230 2971 366 3027 sunt,
411 2970 501 3014 aut
538 2966 725 3027 legisse
762 2969 854 3013 aut
892 2966 1184 3012 iuramento
1221 2964 1469 3012 firmasse.
1519 2963 1739 3013 Etiamsi
1764 2964 1924 3025 igitur
1961 2980 2139 3012 verum
2178 2967 2330 3026 esset,
2369 2966 2508 3026 quod

230 3048 529 3108 supponunt
580 3043 973 3105 emendat01·OS,
1026 3058 1128 3090 non
1177 3059 1329 3105 posse
1377 3042 1646 3106 praedicta
1693 3042 1852 3090 verba
1900 3045 1953 3090 et
2000 3042 2305 3102 formulam,
2361 3042 2507 3089 cuius

229 3139 347 3186 pars
387 3128 533 3183 sunt,
583 3122 763 3170 haberi
801 3121 964 3169 veluti
1012 3121 1303 3169 formaliter
1345 3121 1544 3168 sancita
1581 3137 1611 3168 a
1648 3119 1878 3169 Concilio
1916 3120 2254 3182 Lugdunensi
2292 3120 2392 3179 ΙΙ.,
2440 3119 2507 3167 ci·-

229 3202 357 3250 tatio
408 3200 502 3248 sub
555 3200 776 3263 paginae
828 3199 979 3247 finem
1035 3203 1273 3247 constare
1328 3202 1502 3261 posset
1551 3203 1602 3246 et
1653 3199 1881 3246 deberet.
1954 3196 2024 3245 At
2072 3213 2154 3245 res
2207 3213 2319 3246 sese
2355 3197 2506 3246 aliter

229 3281 403 3329 habet.
443 3316 453 3326 .
494 3317 503 3326 .

383 3356 647 3417 „Historia
683 3356 985 3403 authentica
1023 3355 1238 3403 Concilii
1275 3356 1669 3417 Lugdunensis,
1721 3354 1953 3417 quamvis
1991 3356 2109 3401 acta
2145 3353 2342 3415 desint,
2381 3353 2496 3401 satis

232 3450 492 3497 superque
532 3434 870 3495 demonstrat,
908 3433 1027 3481 fidei
1053 3434 1424 3496 professionem
1452 3434 1609 3495 illam,
1649 3449 1714 3481 ex
1752 3449 1854 3496 qua
1886 3432 2044 3480 verba
2081 3431 2498 3495 superenuntiata

232 3514 477 3575 decerpta
514 3517 651 3572 sunt,
691 3512 1006 3561 auctoritate
1044 3512 1261 3561 Concilii
1298 3512 1664 3575 Lugdunensis
1704 3511 1772 3559 II.
1809 3511 1997 3559 fulciri.
2053 3509 2179 3558 Cum
2218 3511 2498 3572 agitaretm

231 3592 495 3653 negotium
546 3591 850 3638 cessationis
901 3591 1191 3639 schismatis
1241 3591 1534 3652 orientalis,
1588 3589 1825 3638 Clemens
1861 3588 1955 3638 IV.
2003 3587 2499 3651 Constantinopolim

231 3670 370 3717 misit
406 3685 498 3730 per
537 3684 658 3716 suos
695 3668 898 3731 legatos
945 3668 1221 3716 formulam
1271 3669 1723 3728 subscribendam,
1778 3667 1818 3714 si
1854 3667 2029 3729 graeci
2065 3665 2307 3728 Episcopi
2343 3665 2499 3727 recipi

234 3747 423 3795 vellent
460 3747 512 3794 in
551 3747 665 3794 sinu
704 3747 992 3795 catholicae
1019 3747 1296 3795 Ecclesiae.
1347 3746 1695 3794 Difficultates
1733 3746 1946 3793 obortae
1984 3752 2089 3793 tam
2127 3747 2359 3806 optatam
2385 3758 2501 3791 con-

234 3826 461 3872 cordiam
510 3826 875 3885 retardarunt,
925 3841 1091 3887 usque
1142 3825 1260 3872 dum
1312 3825 1563 3872 indictum
1610 3823 1711 3872 fuit
1752 3840 1780 3870 a
1820 3823 2072 3885 Gregorio
2109 3822 2174 3869 X.
2213 3820 2499 3869 Concilium

232 3902 582 3964 Lugdunense
611 3903 697 3963 ΙΙ.,
737 3903 883 3950 cuius
920 3903 1256 3965 praecipuum
1286 3918 1497 3965 scopum
1525 3901 1897 3949 enuntiabatur
1933 3900 2045 3948 fore
2071 3900 2314 3947 unionem
2343 3897 2501 3946 Grae-

234 3995 411 4027 corum
461 3996 574 4027 cum
625 3980 858 4028 Ecclesia
907 3981 1175 4029 catholica.
1247 3980 1347 4028 Pro
1396 3978 1774 4027 fundamentali
1820 3977 2071 4040 principio
2121 3975 2325 4024 unionis
2375 3974 2500 4023 Gre-
