<?xml version="1.0" encoding="UTF-8"?>
<!DOCTYPE html PUBLIC "-//W3C//DTD XHTML 1.0 Transitional//EN"
    "http://www.w3.org/TR/xhtml1/DTD/xhtml1-transitional.dtd">
<html xmlns="http://www.w3.org/1999/xhtml" xml:lang="en" lang="en">
 <head>
  <title>
</title>
<meta http-equiv="Content-Type" content="text/html;charset=utf-8" />
  <meta name='ocr-system' content='tesseract 3.04.00' />
  <meta name='ocr-capabilities' content='ocr_page ocr_carea ocr_par ocr_line ocrx_word'/>
</head>
<body>
  <div class='ocr_page' id='page_1' title='image "a584483100granuoft_0085.png"; bbox 0 0 2548 4290; ppageno 0'>
   <div class='ocr_carea' id='block_1_1' title="bbox 958 189 2277 246">
    <p class='ocr_par' dir='ltr' id='par_1_1' title="bbox 958 189 2277 246">
     <span class='ocr_line' id='line_1_1' title="bbox 958 189 2277 246; baseline -0.002 -14"><span class='ocrx_word' id='word_1_1' title='bbox 958 193 1070 232; x_wconf 88' lang='lat' dir='ltr'>Eius</span> <span class='ocrx_word' id='word_1_2' title='bbox 1102 196 1393 246; x_wconf 83' lang='lat' dir='ltr'>prooemium.</span> <span class='ocrx_word' id='word_1_3' title='bbox 2218 189 2277 238; x_wconf 82' lang='grc'>71</span> 
     </span>
    </p>
   </div>
   <div class='ocr_carea' id='block_1_2' title="bbox 31 350 2286 2504">
    <p class='ocr_par' dir='ltr' id='par_1_2' title="bbox 34 350 2286 1669">
     <span class='ocr_line' id='line_1_2' title="bbox 75 350 2283 419; baseline -0.003 -15"><span class='ocrx_word' id='word_1_4' title='bbox 75 353 216 406; x_wconf 84' lang='grc' dir='ltr'>Η1110</span> <span class='ocrx_word' id='word_1_5' title='bbox 257 351 398 403; x_wconf 88' lang='grc'>0111111</span> <span class='ocrx_word' id='word_1_6' title='bbox 438 350 773 402; x_wconf 87' lang='lat' dir='ltr'>sanctissima</span> <span class='ocrx_word' id='word_1_7' title='bbox 813 351 1090 419; x_wconf 78' lang='lat' dir='ltr'>religionis</span> <span class='ocrx_word' id='word_1_8' title='bbox 1130 351 1387 419; x_wconf 76' lang='lat' dir='ltr'><strong>dogmata</strong></span> <span class='ocrx_word' id='word_1_9' title='bbox 1425 351 1661 419; x_wconf 81' lang='lat' dir='ltr'>pressius</span> <span class='ocrx_word' id='word_1_10' title='bbox 1695 350 1917 402; x_wconf 89' lang='lat' dir='ltr'>definita</span> <span class='ocrx_word' id='word_1_11' title='bbox 1955 350 2283 417; x_wconf 89' lang='lat' dir='ltr'>uberiusque</span> 
     </span>
     <span class='ocr_line' id='line_1_3' title="bbox 34 432 2284 504; baseline -0.003 -16"><span class='ocrx_word' id='word_1_12' title='bbox 34 457 37 465; x_wconf 63' lang='grc'><em>’</em></span> <span class='ocrx_word' id='word_1_13' title='bbox 75 435 345 504; x_wconf 86' lang='lat' dir='ltr'>exposita,</span> <span class='ocrx_word' id='word_1_14' title='bbox 385 451 594 486; x_wconf 89' lang='lat' dir='ltr'>errores</span> <span class='ocrx_word' id='word_1_15' title='bbox 635 433 875 486; x_wconf 89' lang='lat' dir='ltr'>damnati</span> <span class='ocrx_word' id='word_1_16' title='bbox 915 439 1077 502; x_wconf 89' lang='lat' dir='ltr'>atque</span> <span class='ocrx_word' id='word_1_17' title='bbox 1130 433 1380 499; x_wconf 83' lang='lat' dir='ltr'>eohibiti;</span> <span class='ocrx_word' id='word_1_18' title='bbox 1431 435 1558 485; x_wconf 91' lang='lat' dir='ltr'>hinc</span> <span class='ocrx_word' id='word_1_19' title='bbox 1600 434 1959 485; x_wconf 88' lang='lat' dir='ltr'>ecclesiastica</span> <span class='ocrx_word' id='word_1_20' title='bbox 2000 432 2284 502; x_wconf 81' lang='lat' dir='ltr'>disciplina</span> 
     </span>
     <span class='ocr_line' id='line_1_4' title="bbox 71 514 2284 585; baseline -0.003 -14"><span class='ocrx_word' id='word_1_21' title='bbox 71 518 318 571; x_wconf 85' lang='lat' dir='ltr'>restituta</span> <span class='ocrx_word' id='word_1_22' title='bbox 367 516 680 585; x_wconf 87' lang='lat' dir='ltr'>firmiusque</span> <span class='ocrx_word' id='word_1_23' title='bbox 721 517 952 580; x_wconf 86' lang='lat' dir='ltr'>sancita,</span> <span class='ocrx_word' id='word_1_24' title='bbox 1009 522 1314 585; x_wconf 91' lang='lat' dir='ltr'>promotum</span> <span class='ocrx_word' id='word_1_25' title='bbox 1365 517 1421 567; x_wconf 91' lang='lat' dir='ltr'>in</span> <span class='ocrx_word' id='word_1_26' title='bbox 1465 516 1624 569; x_wconf 91' lang='lat' dir='ltr'>Clero</span> <span class='ocrx_word' id='word_1_27' title='bbox 1665 517 1923 568; x_wconf 79' lang='lat' dir='ltr'>scientiae</span> <span class='ocrx_word' id='word_1_28' title='bbox 1975 521 2028 567; x_wconf 92' lang='lat' dir='ltr'>et</span> <span class='ocrx_word' id='word_1_29' title='bbox 2066 514 2284 585; x_wconf 88' lang='lat' dir='ltr'>pietatis</span> 
     </span>
     <span class='ocr_line' id='line_1_5' title="bbox 73 598 2284 669; baseline -0.003 -15"><span class='ocrx_word' id='word_1_30' title='bbox 73 601 322 665; x_wconf 88' lang='lat' dir='ltr'>studium,</span> <span class='ocrx_word' id='word_1_31' title='bbox 363 607 554 669; x_wconf 89' lang='lat' dir='ltr'>parata</span> <span class='ocrx_word' id='word_1_32' title='bbox 593 599 1032 651; x_wconf 80' lang='lat' dir='ltr'>adolescentibus</span> <span class='ocrx_word' id='word_1_33' title='bbox 1072 600 1139 652; x_wconf 92' lang='lat' dir='ltr'>ad</span> <span class='ocrx_word' id='word_1_34' title='bbox 1179 616 1385 650; x_wconf 86' lang='lat' dir='ltr'>sacram</span> <span class='ocrx_word' id='word_1_35' title='bbox 1412 600 1660 651; x_wconf 90' lang='lat' dir='ltr'>militiam</span> <span class='ocrx_word' id='word_1_36' title='bbox 1701 599 1995 651; x_wconf 87' lang='lat' dir='ltr'>educandis</span> <span class='ocrx_word' id='word_1_37' title='bbox 2036 598 2284 666; x_wconf 89' lang='lat' dir='ltr'>collegia,</span> 
     </span>
     <span class='ocr_line' id='line_1_6' title="bbox 72 681 2286 751; baseline -0.002 -15"><span class='ocrx_word' id='word_1_38' title='bbox 72 683 342 736; x_wconf 87' lang='lat' dir='ltr'>christiani</span> <span class='ocrx_word' id='word_1_39' title='bbox 384 682 617 750; x_wconf 92' lang='lat' dir='ltr'>denique</span> <span class='ocrx_word' id='word_1_40' title='bbox 658 683 847 751; x_wconf 92' lang='lat' dir='ltr'>populi</span> <span class='ocrx_word' id='word_1_41' title='bbox 898 700 1075 734; x_wconf 90' lang='lat' dir='ltr'>mores</span> <span class='ocrx_word' id='word_1_42' title='bbox 1116 687 1167 734; x_wconf 94' lang='lat' dir='ltr'>et</span> <span class='ocrx_word' id='word_1_43' title='bbox 1208 683 1542 734; x_wconf 78' lang='lat' dir='ltr'>accuratiore</span> <span class='ocrx_word' id='word_1_44' title='bbox 1592 682 1834 734; x_wconf 88' lang='lat' dir='ltr'>fidelium</span> <span class='ocrx_word' id='word_1_45' title='bbox 1887 681 2192 733; x_wconf 78' lang='lat' dir='ltr'>eruditione</span> <span class='ocrx_word' id='word_1_46' title='bbox 2232 686 2286 732; x_wconf 89' lang='lat' dir='ltr'>et</span> 
     </span>
     <span class='ocr_line' id='line_1_7' title="bbox 72 765 2285 836; baseline -0.002 -17"><span class='ocrx_word' id='word_1_47' title='bbox 72 766 436 836; x_wconf 79' lang='lat' dir='ltr'>frequentiore</span> <span class='ocrx_word' id='word_1_48' title='bbox 456 771 916 817; x_wconf 88' lang='lat' dir='ltr'>sacramentorum</span> <span class='ocrx_word' id='word_1_49' title='bbox 943 784 1042 817; x_wconf 90' lang='lat' dir='ltr'>usu</span> <span class='ocrx_word' id='word_1_50' title='bbox 1063 766 1365 817; x_wconf 88' lang='lat' dir='ltr'>instaurati.</span> <span class='ocrx_word' id='word_1_51' title='bbox 1408 766 1554 816; x_wconf 91' lang='lat' dir='ltr'>Hinc</span> <span class='ocrx_word' id='word_1_52' title='bbox 1583 770 1867 834; x_wconf 90' lang='lat' dir='ltr'>praeterea</span> <span class='ocrx_word' id='word_1_53' title='bbox 1895 765 2091 816; x_wconf 88' lang='lat' dir='ltr'>arctior</span> <span class='ocrx_word' id='word_1_54' title='bbox 2118 781 2285 815; x_wconf 92' lang='lat' dir='ltr'>mem-</span> 
     </span>
     <span class='ocr_line' id='line_1_8' title="bbox 72 848 2285 918; baseline -0.003 -15"><span class='ocrx_word' id='word_1_55' title='bbox 72 852 287 903; x_wconf 89' lang='lat' dir='ltr'>brorum</span> <span class='ocrx_word' id='word_1_56' title='bbox 329 866 448 900; x_wconf 92' lang='lat' dir='ltr'>cum</span> <span class='ocrx_word' id='word_1_57' title='bbox 479 848 681 900; x_wconf 85' lang='lat' dir='ltr'>visibili</span> <span class='ocrx_word' id='word_1_58' title='bbox 710 848 902 918; x_wconf 85' lang='lat' dir='ltr'>Capite</span> <span class='ocrx_word' id='word_1_59' title='bbox 944 850 1267 915; x_wconf 89' lang='lat' dir='ltr'>communio,</span> <span class='ocrx_word' id='word_1_60' title='bbox 1309 850 1672 918; x_wconf 85' lang='lat' dir='ltr'>universoque</span> <span class='ocrx_word' id='word_1_61' title='bbox 1702 849 1914 918; x_wconf 91' lang='lat' dir='ltr'>corpori</span> <span class='ocrx_word' id='word_1_62' title='bbox 1943 848 2143 900; x_wconf 80' lang='lat' dir='ltr'>Christi</span> <span class='ocrx_word' id='word_1_63' title='bbox 2170 864 2285 916; x_wconf 81' lang='lat' dir='ltr'>my-</span> 
     </span>
     <span class='ocr_line' id='line_1_9' title="bbox 71 929 2285 1000; baseline -0.003 -15"><span class='ocrx_word' id='word_1_64' title='bbox 71 934 200 986; x_wconf 88' lang='lat' dir='ltr'>stico</span> <span class='ocrx_word' id='word_1_65' title='bbox 229 931 444 983; x_wconf 90' lang='lat' dir='ltr'>additus</span> <span class='ocrx_word' id='word_1_66' title='bbox 473 932 651 999; x_wconf 81' lang='lat' dir='ltr'>vigor3</span> <span class='ocrx_word' id='word_1_67' title='bbox 694 931 819 982; x_wconf 92' lang='lat' dir='ltr'>hinc</span> <span class='ocrx_word' id='word_1_68' title='bbox 848 932 1133 1000; x_wconf 81' lang='lat' dir='ltr'>religiosae</span> <span class='ocrx_word' id='word_1_69' title='bbox 1174 932 1568 1000; x_wconf 87' lang='lat' dir='ltr'>multiplicatae</span> <span class='ocrx_word' id='word_1_70' title='bbox 1609 932 1849 983; x_wconf 90' lang='lat' dir='ltr'>familiae</span> <span class='ocrx_word' id='word_1_71' title='bbox 1891 931 2104 999; x_wconf 89' lang='lat' dir='ltr'>aliaque</span> <span class='ocrx_word' id='word_1_72' title='bbox 2147 929 2285 980; x_wconf 89' lang='lat' dir='ltr'>chri-</span> 
     </span>
     <span class='ocr_line' id='line_1_10' title="bbox 70 1013 2285 1083; baseline -0.003 -14"><span class='ocrx_word' id='word_1_73' title='bbox 70 1017 273 1069; x_wconf 89' lang='lat' dir='ltr'>stianae</span> <span class='ocrx_word' id='word_1_74' title='bbox 314 1015 530 1083; x_wconf 89' lang='lat' dir='ltr'>pietatis</span> <span class='ocrx_word' id='word_1_75' title='bbox 558 1015 832 1081; x_wconf 82' lang='lat' dir='ltr'>instituta3</span> <span class='ocrx_word' id='word_1_76' title='bbox 874 1016 999 1066; x_wconf 90' lang='lat' dir='ltr'>hinc</span> <span class='ocrx_word' id='word_1_77' title='bbox 1026 1016 1118 1067; x_wconf 93' lang='lat' dir='ltr'>ille</span> <span class='ocrx_word' id='word_1_78' title='bbox 1149 1016 1311 1067; x_wconf 90' lang='lat' dir='ltr'>etiam</span> <span class='ocrx_word' id='word_1_79' title='bbox 1340 1016 1585 1068; x_wconf 91' lang='lat' dir='ltr'>assiduus</span> <span class='ocrx_word' id='word_1_80' title='bbox 1613 1020 1666 1066; x_wconf 91' lang='lat' dir='ltr'>et</span> <span class='ocrx_word' id='word_1_81' title='bbox 1698 1032 1868 1083; x_wconf 93' lang='lat' dir='ltr'>usque</span> <span class='ocrx_word' id='word_1_82' title='bbox 1910 1014 1980 1065; x_wconf 93' lang='lat' dir='ltr'>ad</span> <span class='ocrx_word' id='word_1_83' title='bbox 2007 1013 2285 1081; x_wconf 90' lang='lat' dir='ltr'>sanguinis</span> 
     </span>
     <span class='ocr_line' id='line_1_11' title="bbox 71 1094 2283 1167; baseline -0.002 -16"><span class='ocrx_word' id='word_1_84' title='bbox 71 1099 387 1152; x_wconf 87' lang='lat' dir='ltr'>effusionem</span> <span class='ocrx_word' id='word_1_85' title='bbox 429 1103 679 1150; x_wconf 85' lang='lat' dir='ltr'>constans</span> <span class='ocrx_word' id='word_1_86' title='bbox 721 1098 881 1150; x_wconf 87' lang='lat' dir='ltr'>ardor</span> <span class='ocrx_word' id='word_1_87' title='bbox 920 1099 976 1149; x_wconf 93' lang='lat' dir='ltr'>in</span> <span class='ocrx_word' id='word_1_88' title='bbox 1005 1098 1203 1150; x_wconf 84' lang='lat' dir='ltr'>Christi</span> <span class='ocrx_word' id='word_1_89' title='bbox 1231 1116 1401 1166; x_wconf 88' lang='lat' dir='ltr'>regno</span> <span class='ocrx_word' id='word_1_90' title='bbox 1429 1099 1537 1150; x_wconf 89' lang='lat' dir='ltr'>lato</span> <span class='ocrx_word' id='word_1_91' title='bbox 1572 1117 1669 1167; x_wconf 90' lang='lat' dir='ltr'>per</span> <span class='ocrx_word' id='word_1_92' title='bbox 1697 1097 1882 1150; x_wconf 89' lang='lat' dir='ltr'>orbem</span> <span class='ocrx_word' id='word_1_93' title='bbox 1911 1094 2283 1166; x_wconf 90' lang='lat' dir='ltr'>propagando.</span> 
     </span>
     <span class='ocr_line' id='line_1_12' title="bbox 211 1179 2284 1251; baseline -0.003 -17"><span class='ocrx_word' id='word_1_94' title='bbox 211 1181 605 1234; x_wconf 87' lang='lat' dir='ltr'>Verumtamen</span> <span class='ocrx_word' id='word_1_95' title='bbox 632 1181 765 1234; x_wconf 88' lang='lat' dir='ltr'>haec</span> <span class='ocrx_word' id='word_1_96' title='bbox 807 1182 1020 1251; x_wconf 88' lang='lat' dir='ltr'>aliaque</span> <span class='ocrx_word' id='word_1_97' title='bbox 1050 1183 1282 1249; x_wconf 88' lang='lat' dir='ltr'>insignia</span> <span class='ocrx_word' id='word_1_98' title='bbox 1310 1183 1693 1246; x_wconf 88' lang='lat' dir='ltr'>emolumenta,</span> <span class='ocrx_word' id='word_1_99' title='bbox 1736 1199 1873 1250; x_wconf 91' lang='lat' dir='ltr'>quae</span> <span class='ocrx_word' id='word_1_100' title='bbox 1904 1199 1999 1249; x_wconf 90' lang='lat' dir='ltr'>per</span> <span class='ocrx_word' id='word_1_101' title='bbox 2037 1179 2284 1231; x_wconf 83' lang='lat' dir='ltr'>ultimam</span> 
     </span>
     <span class='ocr_line' id='line_1_13' title="bbox 69 1264 2284 1334; baseline -0.002 -17"><span class='ocrx_word' id='word_1_102' title='bbox 69 1265 302 1317; x_wconf 86' lang='lat' dir='ltr'>maxime</span> <span class='ocrx_word' id='word_1_103' title='bbox 344 1265 748 1316; x_wconf 90' lang='lat' dir='ltr'>oecumenicam</span> <span class='ocrx_word' id='word_1_104' title='bbox 778 1265 1057 1334; x_wconf 74' lang='lat' dir='ltr'>Synodum</span> <span class='ocrx_word' id='word_1_105' title='bbox 1100 1265 1283 1316; x_wconf 85' lang='lat' dir='ltr'>divina</span> <span class='ocrx_word' id='word_1_106' title='bbox 1323 1266 1614 1317; x_wconf 87' lang='lat' dir='ltr'>clementia</span> <span class='ocrx_word' id='word_1_107' title='bbox 1640 1265 1920 1317; x_wconf 83' lang='lat' dir='ltr'>Ecclesiae</span> <span class='ocrx_word' id='word_1_108' title='bbox 1949 1264 2145 1331; x_wconf 90' lang='lat' dir='ltr'>largita</span> <span class='ocrx_word' id='word_1_109' title='bbox 2187 1267 2284 1327; x_wconf 86' lang='lat' dir='ltr'>est,</span> 
     </span>
     <span class='ocr_line' id='line_1_14' title="bbox 70 1345 2284 1417; baseline -0.003 -16"><span class='ocrx_word' id='word_1_110' title='bbox 70 1349 195 1401; x_wconf 92' lang='lat' dir='ltr'>dum</span> <span class='ocrx_word' id='word_1_111' title='bbox 234 1353 405 1417; x_wconf 86' lang='lat' dir='ltr'>gratO,</span> <span class='ocrx_word' id='word_1_112' title='bbox 447 1365 552 1417; x_wconf 92' lang='lat' dir='ltr'>quo</span> <span class='ocrx_word' id='word_1_113' title='bbox 591 1366 690 1417; x_wconf 88' lang='lat' dir='ltr'>par</span> <span class='ocrx_word' id='word_1_114' title='bbox 730 1354 824 1416; x_wconf 89' lang='lat' dir='ltr'>est,</span> <span class='ocrx_word' id='word_1_115' title='bbox 866 1349 1043 1400; x_wconf 88' lang='lat' dir='ltr'>animo</span> <span class='ocrx_word' id='word_1_116' title='bbox 1084 1349 1398 1413; x_wconf 81' lang='lat' dir='ltr'>recolimus3</span> <span class='ocrx_word' id='word_1_117' title='bbox 1453 1349 1709 1401; x_wconf 90' lang='lat' dir='ltr'>acerbum</span> <span class='ocrx_word' id='word_1_118' title='bbox 1751 1364 2097 1417; x_wconf 89' lang='lat' dir='ltr'>compescere</span> <span class='ocrx_word' id='word_1_119' title='bbox 2140 1345 2284 1397; x_wconf 91' lang='lat' dir='ltr'>haud</span> 
     </span>
     <span class='ocr_line' id='line_1_15' title="bbox 67 1430 2284 1503; baseline -0.002 -19"><span class='ocrx_word' id='word_1_120' title='bbox 67 1450 348 1503; x_wconf 88' lang='lat' dir='ltr'>possumus</span> <span class='ocrx_word' id='word_1_121' title='bbox 377 1432 618 1484; x_wconf 91' lang='lat' dir='ltr'>dolorem</span> <span class='ocrx_word' id='word_1_122' title='bbox 648 1432 713 1483; x_wconf 92' lang='lat' dir='ltr'>ob</span> <span class='ocrx_word' id='word_1_123' title='bbox 741 1433 883 1483; x_wconf 89' lang='lat' dir='ltr'>mala</span> <span class='ocrx_word' id='word_1_124' title='bbox 910 1433 1243 1501; x_wconf 86' lang='lat' dir='ltr'>gravissima,</span> <span class='ocrx_word' id='word_1_125' title='bbox 1285 1433 1411 1483; x_wconf 93' lang='lat' dir='ltr'>inde</span> <span class='ocrx_word' id='word_1_126' title='bbox 1441 1434 1776 1503; x_wconf 89' lang='lat' dir='ltr'>potissimum</span> <span class='ocrx_word' id='word_1_127' title='bbox 1808 1437 1940 1496; x_wconf 89' lang='lat' dir='ltr'>orta,</span> <span class='ocrx_word' id='word_1_128' title='bbox 1975 1430 2119 1499; x_wconf 91' lang='lat' dir='ltr'>quod</span> <span class='ocrx_word' id='word_1_129' title='bbox 2148 1430 2284 1481; x_wconf 90' lang='lat' dir='ltr'>eius-</span> 
     </span>
     <span class='ocr_line' id='line_1_16' title="bbox 69 1513 2284 1585; baseline -0.003 -17"><span class='ocrx_word' id='word_1_130' title='bbox 69 1516 189 1568; x_wconf 91' lang='lat' dir='ltr'>dem</span> <span class='ocrx_word' id='word_1_131' title='bbox 229 1522 599 1568; x_wconf 86' lang='lat' dir='ltr'>sacrosanctae</span> <span class='ocrx_word' id='word_1_132' title='bbox 630 1515 833 1585; x_wconf 75' lang='lat' dir='ltr'>Synodi</span> <span class='ocrx_word' id='word_1_133' title='bbox 875 1516 1019 1585; x_wconf 90' lang='lat' dir='ltr'>apud</span> <span class='ocrx_word' id='word_1_134' title='bbox 1060 1517 1358 1585; x_wconf 91' lang='lat' dir='ltr'>permultos</span> <span class='ocrx_word' id='word_1_135' title='bbox 1386 1517 1472 1568; x_wconf 86' lang='lat' dir='ltr'>vel</span> <span class='ocrx_word' id='word_1_136' title='bbox 1502 1517 1792 1568; x_wconf 89' lang='lat' dir='ltr'>auctoritas</span> <span class='ocrx_word' id='word_1_137' title='bbox 1830 1520 2156 1582; x_wconf 86' lang='lat' dir='ltr'>contempta,</span> <span class='ocrx_word' id='word_1_138' title='bbox 2198 1513 2284 1563; x_wconf 86' lang='lat' dir='ltr'>vel</span> 
     </span>
     <span class='ocr_line' id='line_1_17' title="bbox 69 1600 1225 1669; baseline -0.001 -17"><span class='ocrx_word' id='word_1_139' title='bbox 69 1600 460 1669; x_wconf 87' lang='lat' dir='ltr'>sapientissima</span> <span class='ocrx_word' id='word_1_140' title='bbox 500 1600 753 1668; x_wconf 90' lang='lat' dir='ltr'>neglecta</span> <span class='ocrx_word' id='word_1_141' title='bbox 795 1600 946 1651; x_wconf 89' lang='lat' dir='ltr'>fuere</span> <span class='ocrx_word' id='word_1_142' title='bbox 990 1600 1225 1651; x_wconf 86' lang='lat' dir='ltr'>decreta.</span> 
     </span>
    </p>

    <p class='ocr_par' dir='ltr' id='par_1_3' title="bbox 67 1681 2286 2253">
     <span class='ocr_line' id='line_1_18' title="bbox 211 1681 2285 1752; baseline -0.001 -19"><span class='ocrx_word' id='word_1_143' title='bbox 211 1682 385 1735; x_wconf 85' lang='lat' dir='ltr'>Nemo</span> <span class='ocrx_word' id='word_1_144' title='bbox 428 1684 569 1734; x_wconf 89' lang='lat' dir='ltr'>enim</span> <span class='ocrx_word' id='word_1_145' title='bbox 611 1684 854 1752; x_wconf 82' lang='lat' dir='ltr'>ignorat,</span> <span class='ocrx_word' id='word_1_146' title='bbox 894 1684 1163 1748; x_wconf 76' lang='lat' dir='ltr'>haereseS,</span> <span class='ocrx_word' id='word_1_147' title='bbox 1205 1702 1337 1752; x_wconf 80' lang='lat' dir='ltr'>quas</span> <span class='ocrx_word' id='word_1_148' title='bbox 1379 1683 1685 1735; x_wconf 87' lang='lat' dir='ltr'>Tridentini</span> <span class='ocrx_word' id='word_1_149' title='bbox 1726 1684 1918 1734; x_wconf 90' lang='lat' dir='ltr'>Patres</span> <span class='ocrx_word' id='word_1_150' title='bbox 1958 1681 2285 1750; x_wconf 88' lang='lat' dir='ltr'>proscripse-</span> 
     </span>
     <span class='ocr_line' id='line_1_19' title="bbox 67 1766 2285 1836; baseline -0.002 -18"><span class='ocrx_word' id='word_1_151' title='bbox 67 1771 207 1830; x_wconf 84' lang='lat' dir='ltr'>runt,</span> <span class='ocrx_word' id='word_1_152' title='bbox 250 1766 395 1833; x_wconf 89' lang='lat' dir='ltr'>dum,</span> <span class='ocrx_word' id='word_1_153' title='bbox 435 1768 637 1819; x_wconf 89' lang='lat' dir='ltr'>reiecto</span> <span class='ocrx_word' id='word_1_154' title='bbox 668 1767 848 1819; x_wconf 85' lang='lat' dir='ltr'>divino</span> <span class='ocrx_word' id='word_1_155' title='bbox 876 1767 1157 1819; x_wconf 85' lang='lat' dir='ltr'>Ecclesiae</span> <span class='ocrx_word' id='word_1_156' title='bbox 1186 1768 1516 1836; x_wconf 85' lang='lat' dir='ltr'>magisterio,</span> <span class='ocrx_word' id='word_1_157' title='bbox 1560 1787 1643 1819; x_wconf 83' lang='lat' dir='ltr'>res</span> <span class='ocrx_word' id='word_1_158' title='bbox 1677 1767 1745 1819; x_wconf 90' lang='lat' dir='ltr'>ad</span> <span class='ocrx_word' id='word_1_159' title='bbox 1772 1767 2096 1834; x_wconf 82' lang='lat' dir='ltr'>religionem</span> <span class='ocrx_word' id='word_1_160' title='bbox 2137 1781 2285 1834; x_wconf 90' lang='lat' dir='ltr'>spec-</span> 
     </span>
     <span class='ocr_line' id='line_1_20' title="bbox 69 1848 2286 1919; baseline -0.002 -17"><span class='ocrx_word' id='word_1_161' title='bbox 69 1854 244 1902; x_wconf 90' lang='lat' dir='ltr'>tantes</span> <span class='ocrx_word' id='word_1_162' title='bbox 283 1851 483 1918; x_wconf 87' lang='lat' dir='ltr'>privati</span> <span class='ocrx_word' id='word_1_163' title='bbox 523 1851 756 1901; x_wconf 75' lang='lat' dir='ltr'>cuiusvis</span> <span class='ocrx_word' id='word_1_164' title='bbox 796 1851 995 1902; x_wconf 89' lang='lat' dir='ltr'>iudicio</span> <span class='ocrx_word' id='word_1_165' title='bbox 1036 1852 1509 1919; x_wconf 81' lang='lat' dir='ltr'>permitterentur,</span> <span class='ocrx_word' id='word_1_166' title='bbox 1552 1853 1605 1902; x_wconf 93' lang='lat' dir='ltr'>in</span> <span class='ocrx_word' id='word_1_167' title='bbox 1647 1856 1821 1903; x_wconf 88' lang='lat' dir='ltr'>sectas</span> <span class='ocrx_word' id='word_1_168' title='bbox 1860 1849 2142 1918; x_wconf 89' lang='lat' dir='ltr'>paullatim</span> <span class='ocrx_word' id='word_1_169' title='bbox 2184 1848 2286 1899; x_wconf 89' lang='lat' dir='ltr'>dis-</span> 
     </span>
     <span class='ocr_line' id='line_1_21' title="bbox 68 1932 2284 2003; baseline -0.002 -18"><span class='ocrx_word' id='word_1_170' title='bbox 68 1933 268 1986; x_wconf 88' lang='lat' dir='ltr'>solutas</span> <span class='ocrx_word' id='word_1_171' title='bbox 295 1951 411 1985; x_wconf 91' lang='lat' dir='ltr'>esse</span> <span class='ocrx_word' id='word_1_172' title='bbox 438 1934 782 2003; x_wconf 78' lang='lat' dir='ltr'>multipliceS,</span> <span class='ocrx_word' id='word_1_173' title='bbox 812 1935 1005 2003; x_wconf 88' lang='lat' dir='ltr'>quibus</span> <span class='ocrx_word' id='word_1_174' title='bbox 1032 1935 1173 1986; x_wconf 92' lang='lat' dir='ltr'>inter</span> <span class='ocrx_word' id='word_1_175' title='bbox 1200 1953 1255 1986; x_wconf 87' lang='lat' dir='ltr'>se</span> <span class='ocrx_word' id='word_1_176' title='bbox 1285 1934 1727 1986; x_wconf 87' lang='lat' dir='ltr'>dissentientibus</span> <span class='ocrx_word' id='word_1_177' title='bbox 1755 1940 1809 1986; x_wconf 92' lang='lat' dir='ltr'>et</span> <span class='ocrx_word' id='word_1_178' title='bbox 1831 1932 2284 1996; x_wconf 83' lang='lat' dir='ltr'>concertantibus,</span> 
     </span>
     <span class='ocr_line' id='line_1_22' title="bbox 70 2016 2284 2087; baseline -0.001 -19"><span class='ocrx_word' id='word_1_179' title='bbox 70 2017 238 2069; x_wconf 91' lang='lat' dir='ltr'>omnis</span> <span class='ocrx_word' id='word_1_180' title='bbox 265 2016 487 2069; x_wconf 87' lang='lat' dir='ltr'>tandem</span> <span class='ocrx_word' id='word_1_181' title='bbox 515 2018 570 2068; x_wconf 91' lang='lat' dir='ltr'>in</span> <span class='ocrx_word' id='word_1_182' title='bbox 601 2018 872 2070; x_wconf 87' lang='lat' dir='ltr'>Christum</span> <span class='ocrx_word' id='word_1_183' title='bbox 903 2018 1036 2069; x_wconf 89' lang='lat' dir='ltr'>fides</span> <span class='ocrx_word' id='word_1_184' title='bbox 1064 2018 1211 2087; x_wconf 93' lang='lat' dir='ltr'>apud</span> <span class='ocrx_word' id='word_1_185' title='bbox 1239 2036 1346 2069; x_wconf 91' lang='lat' dir='ltr'>non</span> <span class='ocrx_word' id='word_1_186' title='bbox 1368 2036 1568 2086; x_wconf 90' lang='lat' dir='ltr'>paucos</span> <span class='ocrx_word' id='word_1_187' title='bbox 1595 2017 1926 2069; x_wconf 86' lang='lat' dir='ltr'>labefactata</span> <span class='ocrx_word' id='word_1_188' title='bbox 1954 2022 2049 2068; x_wconf 90' lang='lat' dir='ltr'>est.</span> <span class='ocrx_word' id='word_1_189' title='bbox 2091 2016 2284 2083; x_wconf 89' lang='lat' dir='ltr'>Itaque</span> 
     </span>
     <span class='ocr_line' id='line_1_23' title="bbox 67 2098 2285 2169; baseline -0.002 -18"><span class='ocrx_word' id='word_1_190' title='bbox 67 2100 183 2169; x_wconf 90' lang='lat' dir='ltr'>ipsa</span> <span class='ocrx_word' id='word_1_191' title='bbox 210 2117 362 2152; x_wconf 88' lang='lat' dir='ltr'>sacra</span> <span class='ocrx_word' id='word_1_192' title='bbox 389 2100 586 2157; x_wconf 82' lang='lat' dir='ltr'>Biblia.</span> <span class='ocrx_word' id='word_1_193' title='bbox 628 2118 767 2169; x_wconf 86' lang='lat' dir='ltr'>quae</span> <span class='ocrx_word' id='word_1_194' title='bbox 809 2107 970 2153; x_wconf 88' lang='lat' dir='ltr'>antea</span> <span class='ocrx_word' id='word_1_195' title='bbox 998 2102 1321 2153; x_wconf 88' lang='lat' dir='ltr'>christianae</span> <span class='ocrx_word' id='word_1_196' title='bbox 1352 2102 1630 2153; x_wconf 87' lang='lat' dir='ltr'>doctrinae</span> <span class='ocrx_word' id='word_1_197' title='bbox 1660 2101 1848 2152; x_wconf 89' lang='lat' dir='ltr'>unicus</span> <span class='ocrx_word' id='word_1_198' title='bbox 1876 2100 1996 2151; x_wconf 89' lang='lat' dir='ltr'>fons</span> <span class='ocrx_word' id='word_1_199' title='bbox 2038 2104 2091 2150; x_wconf 88' lang='lat' dir='ltr'>ct</span> <span class='ocrx_word' id='word_1_200' title='bbox 2117 2098 2285 2148; x_wconf 79' lang='lat' dir='ltr'>iudex</span> 
     </span>
     <span class='ocr_line' id='line_1_24' title="bbox 69 2181 2285 2253; baseline -0.001 -18"><span class='ocrx_word' id='word_1_201' title='bbox 69 2183 472 2250; x_wconf 87' lang='lat' dir='ltr'>asserebantur,</span> <span class='ocrx_word' id='word_1_202' title='bbox 524 2184 631 2234; x_wconf 89' lang='lat' dir='ltr'>iam</span> <span class='ocrx_word' id='word_1_203' title='bbox 682 2201 789 2235; x_wconf 90' lang='lat' dir='ltr'>non</span> <span class='ocrx_word' id='word_1_204' title='bbox 840 2202 937 2253; x_wconf 92' lang='lat' dir='ltr'>pro</span> <span class='ocrx_word' id='word_1_205' title='bbox 992 2185 1186 2235; x_wconf 77' lang='lat' dir='ltr'>divinis</span> <span class='ocrx_word' id='word_1_206' title='bbox 1237 2184 1453 2251; x_wconf 89' lang='lat' dir='ltr'>haberi,</span> <span class='ocrx_word' id='word_1_207' title='bbox 1506 2185 1611 2235; x_wconf 92' lang='lat' dir='ltr'>imo</span> <span class='ocrx_word' id='word_1_208' title='bbox 1665 2184 1913 2252; x_wconf 85' lang='lat' dir='ltr'>mythicis</span> <span class='ocrx_word' id='word_1_209' title='bbox 1968 2181 2285 2234; x_wconf 88' lang='lat' dir='ltr'>commentis</span> 
     </span>
    </p>

    <p class='ocr_par' dir='ltr' id='par_1_4' title="bbox 31 2267 703 2335">
     <span class='ocr_line' id='line_1_25' title="bbox 31 2267 703 2335; baseline -0.001 -17"><span class='ocrx_word' id='word_1_210' title='bbox 31 2281 33 2283; x_wconf 81' lang='grc'><strong>’</strong></span> <span class='ocrx_word' id='word_1_211' title='bbox 73 2267 347 2319; x_wconf 87' lang='lat' dir='ltr'>accenseri</span> <span class='ocrx_word' id='word_1_212' title='bbox 387 2272 703 2335; x_wconf 90' lang='lat' dir='ltr'>coeperunt.</span> 
     </span>
    </p>

    <p class='ocr_par' dir='ltr' id='par_1_5' title="bbox 211 2348 2284 2421">
     <span class='ocr_line' id='line_1_26' title="bbox 211 2348 2284 2421; baseline -0.001 -20"><span class='ocrx_word' id='word_1_213' title='bbox 211 2349 388 2401; x_wconf 85' lang='lat' dir='ltr'>Tum1</span> <span class='ocrx_word' id='word_1_214' title='bbox 439 2355 566 2402; x_wconf 91' lang='lat' dir='ltr'>nata</span> <span class='ocrx_word' id='word_1_215' title='bbox 607 2356 687 2403; x_wconf 89' lang='lat' dir='ltr'>est</span> <span class='ocrx_word' id='word_1_216' title='bbox 728 2357 781 2402; x_wconf 92' lang='lat' dir='ltr'>et</span> <span class='ocrx_word' id='word_1_217' title='bbox 821 2351 928 2402; x_wconf 89' lang='lat' dir='ltr'>late</span> <span class='ocrx_word' id='word_1_218' title='bbox 970 2351 1128 2402; x_wconf 87' lang='lat' dir='ltr'>nimis</span> <span class='ocrx_word' id='word_1_219' title='bbox 1181 2370 1277 2420; x_wconf 87' lang='lat' dir='ltr'>per</span> <span class='ocrx_word' id='word_1_220' title='bbox 1318 2351 1505 2403; x_wconf 88' lang='lat' dir='ltr'>orbem</span> <span class='ocrx_word' id='word_1_221' title='bbox 1545 2358 1743 2421; x_wconf 74' lang='lat' dir='ltr'>vagata</span> <span class='ocrx_word' id='word_1_222' title='bbox 1794 2352 1889 2402; x_wconf 92' lang='lat' dir='ltr'>illa</span> <span class='ocrx_word' id='word_1_223' title='bbox 1931 2348 2284 2402; x_wconf 90' lang='lat' dir='ltr'>rationalismi</span> 
     </span>
    </p>

    <p class='ocr_par' dir='ltr' id='par_1_6' title="bbox 69 2433 2286 2504">
     <span class='ocr_line' id='line_1_27' title="bbox 69 2433 2286 2504; baseline -0 -21"><span class='ocrx_word' id='word_1_224' title='bbox 69 2449 161 2483; x_wconf 92' lang='lat' dir='ltr'>seu</span> <span class='ocrx_word' id='word_1_225' title='bbox 203 2433 542 2484; x_wconf 89' lang='lat' dir='ltr'>naturalismi</span> <span class='ocrx_word' id='word_1_226' title='bbox 584 2434 854 2499; x_wconf 86' lang='lat' dir='ltr'>doctrina,</span> <span class='ocrx_word' id='word_1_227' title='bbox 897 2453 1034 2503; x_wconf 90' lang='grc'>(11130</span> <span class='ocrx_word' id='word_1_228' title='bbox 1076 2435 1327 2503; x_wconf 86' lang='lat' dir='ltr'>religioni</span> <span class='ocrx_word' id='word_1_229' title='bbox 1370 2435 1694 2486; x_wconf 84' lang='lat' dir='ltr'>christianae</span> <span class='ocrx_word' id='word_1_230' title='bbox 1735 2440 1924 2504; x_wconf 87' lang='lat' dir='ltr'>utpote</span> <span class='ocrx_word' id='word_1_231' title='bbox 1966 2437 2286 2502; x_wconf 89' lang='lat' dir='ltr'>supernatu-</span> 
     </span>
    </p>
   </div>
   <div class='ocr_carea' id='block_1_3' title="bbox 5 2627 2285 3987">
    <p class='ocr_par' dir='ltr' id='par_1_7' title="bbox 65 2627 2285 2846">
     <span class='ocr_line' id='line_1_28' title="bbox 68 2627 2285 2693; baseline -0.001 -16"><span class='ocrx_word' id='word_1_232' title='bbox 68 2631 490 2692; x_wconf 86' lang='lat' dir='ltr'>praemuniendos</span> <span class='ocrx_word' id='word_1_233' title='bbox 529 2636 706 2677; x_wconf 89' lang='lat' dir='ltr'>contra</span> <span class='ocrx_word' id='word_1_234' title='bbox 742 2646 967 2690; x_wconf 89' lang='lat' dir='ltr'>errores,</span> <span class='ocrx_word' id='word_1_235' title='bbox 1022 2633 1107 2693; x_wconf 91' lang='lat' dir='ltr'>qui</span> <span class='ocrx_word' id='word_1_236' title='bbox 1143 2633 1236 2678; x_wconf 85' lang='lat' dir='ltr'>hac</span> <span class='ocrx_word' id='word_1_237' title='bbox 1273 2638 1441 2679; x_wconf 86' lang='lat' dir='ltr'>aetate</span> <span class='ocrx_word' id='word_1_238' title='bbox 1476 2639 1652 2679; x_wconf 88' lang='lat' dir='ltr'>nostra</span> <span class='ocrx_word' id='word_1_239' title='bbox 1686 2633 1902 2678; x_wconf 81' lang='lat' dir='ltr'>maxime</span> <span class='ocrx_word' id='word_1_240' title='bbox 1939 2627 2285 2692; x_wconf 80' lang='lat' dir='ltr'>grassantur“.</span> 
     </span>
     <span class='ocr_line' id='line_1_29' title="bbox 68 2705 2282 2768; baseline -0.001 -14"><span class='ocrx_word' id='word_1_241' title='bbox 68 2705 144 2765; x_wconf 88' lang='lat' dir='ltr'>(C.</span> <span class='ocrx_word' id='word_1_242' title='bbox 170 2707 230 2753; x_wconf 88' lang='lat' dir='ltr'>V.</span> <span class='ocrx_word' id='word_1_243' title='bbox 258 2709 372 2754; x_wconf 75' lang='grc'>793.</span> <span class='ocrx_word' id='word_1_244' title='bbox 420 2705 496 2753; x_wconf 89' lang='lat' dir='ltr'>Cf.</span> <span class='ocrx_word' id='word_1_245' title='bbox 532 2707 827 2753; x_wconf 88' lang='lat' dir='ltr'>relationem</span> <span class='ocrx_word' id='word_1_246' title='bbox 853 2708 1090 2768; x_wconf 88' lang='lat' dir='ltr'>Archiep.</span> <span class='ocrx_word' id='word_1_247' title='bbox 1125 2708 1287 2755; x_wconf 81' lang='lat' dir='ltr'>Simor</span> <span class='ocrx_word' id='word_1_248' title='bbox 1313 2709 1373 2756; x_wconf 86' lang='lat' dir='ltr'>de</span> <span class='ocrx_word' id='word_1_249' title='bbox 1400 2709 1654 2755; x_wconf 89' lang='lat' dir='ltr'>schemate</span> <span class='ocrx_word' id='word_1_250' title='bbox 1690 2709 1809 2756; x_wconf 88' lang='lat' dir='ltr'>ibid.</span> <span class='ocrx_word' id='word_1_251' title='bbox 1836 2711 1893 2754; x_wconf 57' lang='lat'>&amp;1</span> <span class='ocrx_word' id='word_1_252' title='bbox 1913 2709 1942 2754; x_wconf 92' lang='lat' dir='ltr'>b</span> <span class='ocrx_word' id='word_1_253' title='bbox 1981 2712 2030 2753; x_wconf 92' lang='lat' dir='ltr'>et</span> <span class='ocrx_word' id='word_1_254' title='bbox 2061 2706 2282 2753; x_wconf 89' lang='lat' dir='ltr'>eiusdem</span> 
     </span>
     <span class='ocr_line' id='line_1_30' title="bbox 65 2783 1641 2846; baseline 0.001 -17"><span class='ocrx_word' id='word_1_255' title='bbox 65 2783 363 2830; x_wconf 88' lang='lat' dir='ltr'>relationem</span> <span class='ocrx_word' id='word_1_256' title='bbox 399 2783 460 2829; x_wconf 93' lang='lat' dir='ltr'>de</span> <span class='ocrx_word' id='word_1_257' title='bbox 494 2783 929 2831; x_wconf 83' lang='lat' dir='ltr'>emendationibus</span> <span class='ocrx_word' id='word_1_258' title='bbox 966 2785 1208 2844; x_wconf 87' lang='lat' dir='ltr'>prooemii</span> <span class='ocrx_word' id='word_1_259' title='bbox 1245 2785 1363 2832; x_wconf 90' lang='lat' dir='ltr'>ibid.</span> <span class='ocrx_word' id='word_1_260' title='bbox 1401 2786 1457 2831; x_wconf 77' lang='lat'>91</span> <span class='ocrx_word' id='word_1_261' title='bbox 1481 2786 1510 2831; x_wconf 92' lang='lat' dir='ltr'>d</span> <span class='ocrx_word' id='word_1_262' title='bbox 1548 2784 1641 2846; x_wconf 85' lang='lat' dir='ltr'>sq.)</span> 
     </span>
    </p>

    <p class='ocr_par' dir='ltr' id='par_1_8' title="bbox 66 2859 2285 3226">
     <span class='ocr_line' id='line_1_31' title="bbox 213 2859 2285 2921; baseline 0 -16"><span class='ocrx_word' id='word_1_263' title='bbox 213 2859 226 2885; x_wconf 80' lang='lat'>1</span> <span class='ocrx_word' id='word_1_264' title='bbox 264 2860 406 2905; x_wconf 90' lang='lat' dir='ltr'>Inter</span> <span class='ocrx_word' id='word_1_265' title='bbox 432 2859 762 2918; x_wconf 87' lang='lat' dir='ltr'>conditiones,</span> <span class='ocrx_word' id='word_1_266' title='bbox 790 2875 913 2921; x_wconf 88' lang='lat' dir='ltr'>quas</span> <span class='ocrx_word' id='word_1_267' title='bbox 932 2860 1111 2906; x_wconf 88' lang='lat' dir='ltr'>Patres</span> <span class='ocrx_word' id='word_1_268' title='bbox 1137 2861 1294 2921; x_wconf 89' lang='lat' dir='ltr'>aliqui</span> <span class='ocrx_word' id='word_1_269' title='bbox 1318 2865 1436 2907; x_wconf 86' lang='lat' dir='ltr'>voto</span> <span class='ocrx_word' id='word_1_270' title='bbox 1463 2859 1693 2920; x_wconf 69' lang='lat' dir='ltr'>„Placet“</span> <span class='ocrx_word' id='word_1_271' title='bbox 1722 2861 2036 2920; x_wconf 89' lang='lat' dir='ltr'>adiecerunt,</span> <span class='ocrx_word' id='word_1_272' title='bbox 2063 2859 2285 2906; x_wconf 87' lang='lat' dir='ltr'>animad-</span> 
     </span>
     <span class='ocr_line' id='line_1_32' title="bbox 66 2935 2284 2998; baseline 0 -17"><span class='ocrx_word' id='word_1_273' title='bbox 66 2936 283 2981; x_wconf 87' lang='lat' dir='ltr'>vertitur</span> <span class='ocrx_word' id='word_1_274' title='bbox 320 2935 500 2993; x_wconf 87' lang='lat' dir='ltr'>etiam,</span> <span class='ocrx_word' id='word_1_275' title='bbox 549 2935 948 2981; x_wconf 87' lang='lat' dir='ltr'>rationalismum</span> <span class='ocrx_word' id='word_1_276' title='bbox 996 2951 1097 2982; x_wconf 92' lang='lat' dir='ltr'>non</span> <span class='ocrx_word' id='word_1_277' title='bbox 1134 2951 1198 2983; x_wconf 84' lang='lat' dir='ltr'>ex</span> <span class='ocrx_word' id='word_1_278' title='bbox 1235 2941 1529 2998; x_wconf 87' lang='lat' dir='ltr'>contemptu</span> <span class='ocrx_word' id='word_1_279' title='bbox 1577 2952 1835 2983; x_wconf 87' lang='lat' dir='ltr'>sacrorum</span> <span class='ocrx_word' id='word_1_280' title='bbox 1871 2936 2143 2994; x_wconf 90' lang='lat' dir='ltr'>librorum,</span> <span class='ocrx_word' id='word_1_281' title='bbox 2197 2936 2284 2982; x_wconf 90' lang='lat' dir='ltr'>sed</span> 
     </span>
     <span class='ocr_line' id='line_1_33' title="bbox 66 3010 2281 3069; baseline 0 -13"><span class='ocrx_word' id='word_1_282' title='bbox 66 3010 198 3056; x_wconf 88' lang='lat' dir='ltr'>hunc</span> <span class='ocrx_word' id='word_1_283' title='bbox 236 3026 297 3057; x_wconf 81' lang='lat' dir='ltr'>ex</span> <span class='ocrx_word' id='word_1_284' title='bbox 334 3010 420 3057; x_wconf 92' lang='lat' dir='ltr'>illo</span> <span class='ocrx_word' id='word_1_285' title='bbox 466 3014 641 3057; x_wconf 87' lang='lat' dir='ltr'>natum</span> <span class='ocrx_word' id='word_1_286' title='bbox 680 3026 805 3057; x_wconf 88' lang='lat' dir='ltr'>esse.</span> <span class='ocrx_word' id='word_1_287' title='bbox 869 3011 948 3069; x_wconf 88' lang='lat' dir='ltr'>(V.</span> <span class='ocrx_word' id='word_1_288' title='bbox 986 3012 1376 3059; x_wconf 81' lang='lat' dir='ltr'>Emendationes</span> <span class='ocrx_word' id='word_1_289' title='bbox 1415 3017 1509 3060; x_wconf 92' lang='lat' dir='ltr'>etc.</span> <span class='ocrx_word' id='word_1_290' title='bbox 1569 3013 1777 3059; x_wconf 87' lang='lat' dir='ltr'>Emend.</span> <span class='ocrx_word' id='word_1_291' title='bbox 1818 3015 1857 3058; x_wconf 74' lang='lat'>7.</span> <span class='ocrx_word' id='word_1_292' title='bbox 1913 3012 1967 3060; x_wconf 90' lang='lat' dir='ltr'>C.</span> <span class='ocrx_word' id='word_1_293' title='bbox 2003 3012 2063 3059; x_wconf 89' lang='lat' dir='ltr'>V.</span> <span class='ocrx_word' id='word_1_294' title='bbox 2104 3014 2198 3058; x_wconf 83' lang='grc'>220</span> <span class='ocrx_word' id='word_1_295' title='bbox 2214 3010 2281 3068; x_wconf 82' lang='grc'>(1.)</span> 
     </span>
     <span class='ocr_line' id='line_1_34' title="bbox 66 3085 2282 3150; baseline 0.001 -18"><span class='ocrx_word' id='word_1_296' title='bbox 66 3086 124 3132; x_wconf 91' lang='lat' dir='ltr'>Id</span> <span class='ocrx_word' id='word_1_297' title='bbox 158 3090 296 3133; x_wconf 89' lang='lat' dir='ltr'>recte</span> <span class='ocrx_word' id='word_1_298' title='bbox 334 3086 552 3146; x_wconf 83' lang='lat' dir='ltr'>quidem.</span> <span class='ocrx_word' id='word_1_299' title='bbox 602 3086 699 3133; x_wconf 83' lang='lat' dir='ltr'>Sed</span> <span class='ocrx_word' id='word_1_300' title='bbox 734 3086 859 3133; x_wconf 92' lang='lat' dir='ltr'>illud</span> <span class='ocrx_word' id='word_1_301' title='bbox 894 3085 1059 3147; x_wconf 80' lang='lat' dir='ltr'>„tum“</span> <span class='ocrx_word' id='word_1_302' title='bbox 1098 3089 1333 3135; x_wconf 86' lang='lat' dir='ltr'>universe</span> <span class='ocrx_word' id='word_1_303' title='bbox 1359 3088 1423 3135; x_wconf 91' lang='lat' dir='ltr'>ad</span> <span class='ocrx_word' id='word_1_304' title='bbox 1458 3093 1621 3135; x_wconf 90' lang='lat' dir='ltr'>totum</span> <span class='ocrx_word' id='word_1_305' title='bbox 1649 3089 1772 3135; x_wconf 88' lang='lat' dir='ltr'>illud</span> <span class='ocrx_word' id='word_1_306' title='bbox 1810 3093 2008 3150; x_wconf 89' lang='lat' dir='ltr'>tempus</span> <span class='ocrx_word' id='word_1_307' title='bbox 2044 3088 2282 3147; x_wconf 89' lang='lat' dir='ltr'>refertur,</span> 
     </span>
     <span class='ocr_line' id='line_1_35' title="bbox 67 3161 2283 3226; baseline 0.001 -18"><span class='ocrx_word' id='word_1_308' title='bbox 67 3161 126 3208; x_wconf 94' lang='lat' dir='ltr'>de</span> <span class='ocrx_word' id='word_1_309' title='bbox 179 3177 278 3223; x_wconf 87' lang='lat' dir='ltr'>quo</span> <span class='ocrx_word' id='word_1_310' title='bbox 330 3177 492 3209; x_wconf 88' lang='lat' dir='ltr'>sermo</span> <span class='ocrx_word' id='word_1_311' title='bbox 546 3167 621 3210; x_wconf 89' lang='lat' dir='ltr'>est</span> <span class='ocrx_word' id='word_1_312' title='bbox 671 3164 721 3209; x_wconf 92' lang='lat' dir='ltr'>in</span> <span class='ocrx_word' id='word_1_313' title='bbox 772 3165 1094 3210; x_wconf 89' lang='lat' dir='ltr'>antecedenti</span> <span class='ocrx_word' id='word_1_314' title='bbox 1144 3166 1482 3226; x_wconf 90' lang='lat' dir='ltr'>paragrapho.</span> <span class='ocrx_word' id='word_1_315' title='bbox 1551 3166 1611 3212; x_wconf 90' lang='lat' dir='ltr'>Id</span> <span class='ocrx_word' id='word_1_316' title='bbox 1665 3182 1726 3212; x_wconf 80' lang='lat' dir='ltr'>ex</span> <span class='ocrx_word' id='word_1_317' title='bbox 1777 3166 1989 3212; x_wconf 88' lang='lat' dir='ltr'>historia</span> <span class='ocrx_word' id='word_1_318' title='bbox 2039 3165 2283 3225; x_wconf 88' lang='lat' dir='ltr'>prooemii</span> 
     </span>
    </p>

    <p class='ocr_par' dir='ltr' id='par_1_9' title="bbox 5 3238 2283 3680">
     <span class='ocr_line' id='line_1_36' title="bbox 5 3238 2283 3303; baseline 0.001 -20"><span class='ocrx_word' id='word_1_319' title='bbox 5 3288 10 3291; x_wconf 50' lang='grc'>,</span> <span class='ocrx_word' id='word_1_320' title='bbox 65 3241 290 3297; x_wconf 89' lang='lat' dir='ltr'>apparet.</span> <span class='ocrx_word' id='word_1_321' title='bbox 358 3238 499 3284; x_wconf 90' lang='lat' dir='ltr'>Haec</span> <span class='ocrx_word' id='word_1_322' title='bbox 536 3239 667 3285; x_wconf 90' lang='lat' dir='ltr'>enim</span> <span class='ocrx_word' id='word_1_323' title='bbox 704 3239 957 3299; x_wconf 87' lang='lat' dir='ltr'>particula</span> <span class='ocrx_word' id='word_1_324' title='bbox 1003 3240 1100 3285; x_wconf 89' lang='lat' dir='ltr'>iam</span> <span class='ocrx_word' id='word_1_325' title='bbox 1149 3240 1325 3287; x_wconf 87' lang='lat' dir='ltr'>aderat</span> <span class='ocrx_word' id='word_1_326' title='bbox 1372 3241 1423 3287; x_wconf 92' lang='lat' dir='ltr'>in</span> <span class='ocrx_word' id='word_1_327' title='bbox 1461 3242 1742 3299; x_wconf 88' lang='lat' dir='ltr'>schemate,</span> <span class='ocrx_word' id='word_1_328' title='bbox 1794 3241 1930 3303; x_wconf 87' lang='lat' dir='ltr'>quod</span> <span class='ocrx_word' id='word_1_329' title='bbox 1966 3240 2283 3302; x_wconf 86' lang='lat' dir='ltr'>deputationi</span> 
     </span>
     <span class='ocr_line' id='line_1_37' title="bbox 68 3308 2281 3378; baseline 0.002 -19"><span class='ocrx_word' id='word_1_330' title='bbox 68 3308 127 3359; x_wconf 87' lang='lat' dir='ltr'>de</span> <span class='ocrx_word' id='word_1_331' title='bbox 171 3313 268 3360; x_wconf 92' lang='lat' dir='ltr'>fide</span> <span class='ocrx_word' id='word_1_332' title='bbox 315 3317 725 3376; x_wconf 88' lang='lat' dir='ltr'>proponebatur,</span> <span class='ocrx_word' id='word_1_333' title='bbox 776 3317 825 3362; x_wconf 93' lang='lat' dir='ltr'>in</span> <span class='ocrx_word' id='word_1_334' title='bbox 879 3331 978 3378; x_wconf 86' lang='lat' dir='ltr'>quo</span> <span class='ocrx_word' id='word_1_335' title='bbox 1027 3318 1279 3363; x_wconf 88' lang='lat' dir='ltr'>sententia</span> <span class='ocrx_word' id='word_1_336' title='bbox 1328 3318 1387 3364; x_wconf 90' lang='lat' dir='ltr'>de</span> <span class='ocrx_word' id='word_1_337' title='bbox 1435 3319 1589 3364; x_wconf 91' lang='lat' dir='ltr'>sacris</span> <span class='ocrx_word' id='word_1_338' title='bbox 1634 3319 1777 3366; x_wconf 88' lang='lat' dir='ltr'>libris</span> <span class='ocrx_word' id='word_1_339' title='bbox 1826 3319 2014 3365; x_wconf 88' lang='lat' dir='ltr'>deerat.</span> <span class='ocrx_word' id='word_1_340' title='bbox 2097 3316 2171 3375; x_wconf 87' lang='lat' dir='ltr'>(C.</span> <span class='ocrx_word' id='word_1_341' title='bbox 2223 3316 2281 3364; x_wconf 92' lang='lat' dir='ltr'>V.</span> 
     </span>
     <span class='ocr_line' id='line_1_38' title="bbox 68 3389 2283 3455; baseline 0.002 -21"><span class='ocrx_word' id='word_1_342' title='bbox 68 3389 191 3435; x_wconf 84' lang='grc'>1628</span> <span class='ocrx_word' id='word_1_343' title='bbox 210 3389 272 3447; x_wconf 86' lang='lat' dir='ltr'>c.)</span> <span class='ocrx_word' id='word_1_344' title='bbox 356 3390 522 3445; x_wconf 81' lang='lat' dir='ltr'>Quum</span> <span class='ocrx_word' id='word_1_345' title='bbox 567 3392 618 3437; x_wconf 90' lang='lat' dir='ltr'>in</span> <span class='ocrx_word' id='word_1_346' title='bbox 668 3392 869 3438; x_wconf 87' lang='lat' dir='ltr'>schema</span> <span class='ocrx_word' id='word_1_347' title='bbox 916 3391 1310 3453; x_wconf 89' lang='lat' dir='ltr'>Congregationi</span> <span class='ocrx_word' id='word_1_348' title='bbox 1360 3394 1586 3454; x_wconf 90' lang='lat' dir='ltr'>generali</span> <span class='ocrx_word' id='word_1_349' title='bbox 1634 3395 1950 3455; x_wconf 85' lang='lat' dir='ltr'>propositum</span> <span class='ocrx_word' id='word_1_350' title='bbox 1997 3395 2121 3440; x_wconf 89' lang='lat' dir='ltr'>haec</span> <span class='ocrx_word' id='word_1_351' title='bbox 2174 3408 2283 3439; x_wconf 86' lang='lat' dir='ltr'>sen-</span> 
     </span>
     <span class='ocr_line' id='line_1_39' title="bbox 66 3465 2281 3530; baseline 0.002 -20"><span class='ocrx_word' id='word_1_352' title='bbox 66 3465 225 3511; x_wconf 87' lang='lat' dir='ltr'>tentia</span> <span class='ocrx_word' id='word_1_353' title='bbox 260 3466 588 3527; x_wconf 86' lang='lat' dir='ltr'>reciperetur,</span> <span class='ocrx_word' id='word_1_354' title='bbox 626 3483 842 3528; x_wconf 86' lang='lat' dir='ltr'>sequens</span> <span class='ocrx_word' id='word_1_355' title='bbox 881 3470 1150 3527; x_wconf 85' lang='lat' dir='ltr'>sententia,</span> <span class='ocrx_word' id='word_1_356' title='bbox 1187 3470 1436 3530; x_wconf 83' lang='lat' dir='ltr'>particula</span> <span class='ocrx_word' id='word_1_357' title='bbox 1474 3470 1560 3516; x_wconf 90' lang='lat' dir='ltr'>illa</span> <span class='ocrx_word' id='word_1_358' title='bbox 1596 3471 1804 3527; x_wconf 87' lang='lat' dir='ltr'>omissa,</span> <span class='ocrx_word' id='word_1_359' title='bbox 1841 3471 1912 3517; x_wconf 90' lang='lat' dir='ltr'>ita</span> <span class='ocrx_word' id='word_1_360' title='bbox 1948 3470 2281 3528; x_wconf 86' lang='lat' dir='ltr'>formabatur,</span> 
     </span>
     <span class='ocr_line' id='line_1_40' title="bbox 66 3542 2280 3605; baseline 0.003 -20"><span class='ocrx_word' id='word_1_361' title='bbox 66 3542 122 3585; x_wconf 90' lang='lat' dir='ltr'>ut</span> <span class='ocrx_word' id='word_1_362' title='bbox 145 3542 430 3587; x_wconf 89' lang='lat' dir='ltr'>necessario</span> <span class='ocrx_word' id='word_1_363' title='bbox 459 3543 521 3588; x_wconf 91' lang='lat' dir='ltr'>ad</span> <span class='ocrx_word' id='word_1_364' title='bbox 545 3548 694 3589; x_wconf 80' lang='lat' dir='ltr'>totam</span> <span class='ocrx_word' id='word_1_365' title='bbox 720 3544 1032 3605; x_wconf 89' lang='lat' dir='ltr'>superiorem</span> <span class='ocrx_word' id='word_1_366' title='bbox 1061 3545 1361 3590; x_wconf 87' lang='lat' dir='ltr'>sententiam</span> <span class='ocrx_word' id='word_1_367' title='bbox 1389 3546 1569 3592; x_wconf 89' lang='lat' dir='ltr'>referri</span> <span class='ocrx_word' id='word_1_368' title='bbox 1606 3547 1826 3592; x_wconf 88' lang='lat' dir='ltr'>deberet.</span> <span class='ocrx_word' id='word_1_369' title='bbox 1870 3545 1966 3602; x_wconf 90' lang='lat' dir='ltr'>(Cf.</span> <span class='ocrx_word' id='word_1_370' title='bbox 1987 3545 2041 3592; x_wconf 92' lang='lat' dir='ltr'>C.</span> <span class='ocrx_word' id='word_1_371' title='bbox 2060 3544 2119 3591; x_wconf 91' lang='lat' dir='ltr'>V.</span> <span class='ocrx_word' id='word_1_372' title='bbox 2142 3546 2201 3591; x_wconf 79' lang='lat'>70</span> <span class='ocrx_word' id='word_1_373' title='bbox 2218 3543 2280 3603; x_wconf 89' lang='grc'>0.)</span> 
     </span>
     <span class='ocr_line' id='line_1_41' title="bbox 67 3612 1794 3680; baseline 0.004 -20"><span class='ocrx_word' id='word_1_374' title='bbox 67 3612 454 3662; x_wconf 87' lang='lat' dir='ltr'>Restituebatur</span> <span class='ocrx_word' id='word_1_375' title='bbox 490 3622 659 3664; x_wconf 86' lang='lat' dir='ltr'>autem</span> <span class='ocrx_word' id='word_1_376' title='bbox 695 3622 873 3680; x_wconf 89' lang='lat' dir='ltr'>postea</span> <span class='ocrx_word' id='word_1_377' title='bbox 908 3620 1032 3665; x_wconf 91' lang='lat' dir='ltr'>illud</span> <span class='ocrx_word' id='word_1_378' title='bbox 1074 3617 1257 3679; x_wconf 82' lang='lat' dir='ltr'>„tum“.</span> <span class='ocrx_word' id='word_1_379' title='bbox 1328 3619 1425 3678; x_wconf 89' lang='lat' dir='ltr'>(Cf.</span> <span class='ocrx_word' id='word_1_380' title='bbox 1463 3621 1581 3668; x_wconf 90' lang='lat' dir='ltr'>ibid.</span> <span class='ocrx_word' id='word_1_381' title='bbox 1619 3623 1711 3667; x_wconf 85' lang='lat'>215</span> <span class='ocrx_word' id='word_1_382' title='bbox 1729 3621 1794 3678; x_wconf 89' lang='lat' dir='ltr'>d.)</span> 
     </span>
    </p>

    <p class='ocr_par' dir='ltr' id='par_1_10' title="bbox 66 3691 2281 3987">
     <span class='ocr_line' id='line_1_42' title="bbox 194 3691 2281 3757; baseline 0.003 -20"><span class='ocrx_word' id='word_1_383' title='bbox 194 3691 450 3739; x_wconf 86' lang='lat' dir='ltr'>Volebant</span> <span class='ocrx_word' id='word_1_384' title='bbox 485 3697 753 3753; x_wconf 88' lang='lat' dir='ltr'>praeterea</span> <span class='ocrx_word' id='word_1_385' title='bbox 790 3695 888 3741; x_wconf 91' lang='lat' dir='ltr'>duo</span> <span class='ocrx_word' id='word_1_386' title='bbox 925 3694 1132 3754; x_wconf 85' lang='lat' dir='ltr'>Patres,</span> <span class='ocrx_word' id='word_1_387' title='bbox 1180 3696 1291 3742; x_wconf 94' lang='lat' dir='ltr'>loco</span> <span class='ocrx_word' id='word_1_388' title='bbox 1334 3700 1470 3754; x_wconf 87' lang='lat' dir='ltr'>„tum</span> <span class='ocrx_word' id='word_1_389' title='bbox 1506 3702 1629 3743; x_wconf 89' lang='lat' dir='ltr'>nata</span> <span class='ocrx_word' id='word_1_390' title='bbox 1665 3702 1740 3743; x_wconf 92' lang='lat' dir='ltr'>est</span> <span class='ocrx_word' id='word_1_391' title='bbox 1787 3701 1837 3743; x_wconf 91' lang='lat' dir='ltr'>et</span> <span class='ocrx_word' id='word_1_392' title='bbox 1872 3697 1974 3744; x_wconf 88' lang='lat' dir='ltr'>late</span> <span class='ocrx_word' id='word_1_393' title='bbox 2012 3697 2156 3752; x_wconf 87' lang='lat' dir='ltr'>nimis</span> <span class='ocrx_word' id='word_1_394' title='bbox 2193 3713 2281 3757; x_wconf 90' lang='lat' dir='ltr'>per</span> 
     </span>
     <span class='ocr_line' id='line_1_43' title="bbox 68 3765 2281 3834; baseline 0.004 -24"><span class='ocrx_word' id='word_1_395' title='bbox 68 3766 235 3812; x_wconf 87' lang='lat' dir='ltr'>orbem</span> <span class='ocrx_word' id='word_1_396' title='bbox 284 3765 497 3826; x_wconf 81' lang='lat' dir='ltr'>vagata“</span> <span class='ocrx_word' id='word_1_397' title='bbox 548 3769 667 3828; x_wconf 87' lang='lat' dir='ltr'>poni</span> <span class='ocrx_word' id='word_1_398' title='bbox 717 3774 851 3829; x_wconf 77' lang='lat' dir='ltr'>„tum</span> <span class='ocrx_word' id='word_1_399' title='bbox 890 3771 992 3817; x_wconf 90' lang='lat' dir='ltr'>late</span> <span class='ocrx_word' id='word_1_400' title='bbox 1026 3770 1174 3817; x_wconf 90' lang='lat' dir='ltr'>nimis</span> <span class='ocrx_word' id='word_1_401' title='bbox 1212 3787 1300 3830; x_wconf 90' lang='lat' dir='ltr'>per</span> <span class='ocrx_word' id='word_1_402' title='bbox 1349 3772 1519 3818; x_wconf 89' lang='lat' dir='ltr'>orbem</span> <span class='ocrx_word' id='word_1_403' title='bbox 1566 3777 1751 3833; x_wconf 84' lang='lat' dir='ltr'>vagata</span> <span class='ocrx_word' id='word_1_404' title='bbox 1799 3772 1925 3832; x_wconf 77' lang='lat' dir='ltr'>est“,</span> <span class='ocrx_word' id='word_1_405' title='bbox 1976 3771 2172 3834; x_wconf 83' lang='lat' dir='ltr'>„quia“,</span> <span class='ocrx_word' id='word_1_406' title='bbox 2224 3778 2281 3819; x_wconf 91' lang='lat' dir='ltr'>ut</span> 
     </span>
     <span class='ocr_line' id='line_1_44' title="bbox 66 3838 2281 3909; baseline 0.005 -25"><span class='ocrx_word' id='word_1_407' title='bbox 66 3838 193 3886; x_wconf 87' lang='lat' dir='ltr'>alter</span> <span class='ocrx_word' id='word_1_408' title='bbox 241 3841 390 3900; x_wconf 90' lang='lat' dir='ltr'>dicit,</span> <span class='ocrx_word' id='word_1_409' title='bbox 443 3842 702 3900; x_wconf 68' lang='lat' dir='ltr'>„doctrina</span> <span class='ocrx_word' id='word_1_410' title='bbox 748 3845 1083 3892; x_wconf 88' lang='lat' dir='ltr'>rationalismi</span> <span class='ocrx_word' id='word_1_411' title='bbox 1121 3862 1209 3893; x_wconf 89' lang='lat' dir='ltr'>seu</span> <span class='ocrx_word' id='word_1_412' title='bbox 1255 3848 1572 3893; x_wconf 86' lang='lat' dir='ltr'>naturalismi</span> <span class='ocrx_word' id='word_1_413' title='bbox 1609 3863 1788 3895; x_wconf 90' lang='lat' dir='ltr'>revera</span> <span class='ocrx_word' id='word_1_414' title='bbox 1836 3851 1957 3895; x_wconf 89' lang='lat' dir='ltr'>nata</span> <span class='ocrx_word' id='word_1_415' title='bbox 2008 3852 2083 3895; x_wconf 89' lang='lat' dir='ltr'>est</span> <span class='ocrx_word' id='word_1_416' title='bbox 2132 3849 2281 3909; x_wconf 89' lang='lat' dir='ltr'>longe</span> 
     </span>
     <span class='ocr_line' id='line_1_45' title="bbox 68 3917 2280 3987; baseline 0.005 -26"><span class='ocrx_word' id='word_1_417' title='bbox 68 3918 230 3975; x_wconf 88' lang='lat' dir='ltr'>antea,</span> <span class='ocrx_word' id='word_1_418' title='bbox 267 3917 319 3962; x_wconf 90' lang='lat' dir='ltr'>ni</span> <span class='ocrx_word' id='word_1_419' title='bbox 354 3918 516 3977; x_wconf 86' lang='lat' dir='ltr'>fallor,</span> <span class='ocrx_word' id='word_1_420' title='bbox 556 3934 655 3965; x_wconf 90' lang='lat' dir='ltr'>non</span> <span class='ocrx_word' id='word_1_421' title='bbox 692 3920 871 3980; x_wconf 86' lang='lat' dir='ltr'>solum,</span> <span class='ocrx_word' id='word_1_422' title='bbox 910 3922 1028 3982; x_wconf 88' lang='lat' dir='ltr'>quia</span> <span class='ocrx_word' id='word_1_423' title='bbox 1062 3922 1304 3982; x_wconf 89' lang='lat' dir='ltr'>implicite</span> <span class='ocrx_word' id='word_1_424' title='bbox 1330 3924 1618 3970; x_wconf 87' lang='lat' dir='ltr'>continetur</span> <span class='ocrx_word' id='word_1_425' title='bbox 1653 3925 1702 3970; x_wconf 92' lang='lat' dir='ltr'>in</span> <span class='ocrx_word' id='word_1_426' title='bbox 1730 3925 1862 3970; x_wconf 92' lang='lat' dir='ltr'>omni</span> <span class='ocrx_word' id='word_1_427' title='bbox 1898 3925 2112 3983; x_wconf 89' lang='lat' dir='ltr'>haeresi,</span> <span class='ocrx_word' id='word_1_428' title='bbox 2151 3941 2280 3987; x_wconf 87' lang='lat' dir='ltr'>quae</span> 
     </span>
    </p>
   </div>
  </div>
 </body>
</html>
