<?xml version="1.0" encoding="UTF-8"?>
<!DOCTYPE html PUBLIC "-//W3C//DTD XHTML 1.0 Transitional//EN"
    "http://www.w3.org/TR/xhtml1/DTD/xhtml1-transitional.dtd">
<html xmlns="http://www.w3.org/1999/xhtml" xml:lang="en" lang="en">
 <head>
  <title>
</title>
<meta http-equiv="Content-Type" content="text/html;charset=utf-8" />
  <meta name='ocr-system' content='tesseract 3.04.00' />
  <meta name='ocr-capabilities' content='ocr_page ocr_carea ocr_par ocr_line ocrx_word'/>
</head>
<body>
  <div class='ocr_page' id='page_1' title='image "a584483100granuoft_0182.png"; bbox 0 0 2548 4290; ppageno 0'>
   <div class='ocr_carea' id='block_1_1' title="bbox 212 115 2300 172">
    <p class='ocr_par' dir='ltr' id='par_1_1' title="bbox 212 115 2300 172">
     <span class='ocr_line' id='line_1_1' title="bbox 212 115 2300 172; baseline -0 -13"><span class='ocrx_word' id='word_1_1' title='bbox 212 119 313 171; x_wconf 76' lang='grc'>168</span> <span class='ocrx_word' id='word_1_2' title='bbox 393 120 504 159; x_wconf 86' lang='lat' dir='ltr'>Pars</span> <span class='ocrx_word' id='word_1_3' title='bbox 534 118 592 158; x_wconf 90' lang='lat' dir='ltr'>II.</span> <span class='ocrx_word' id='word_1_4' title='bbox 643 116 798 159; x_wconf 84' lang='lat' dir='ltr'>Const.</span> <span class='ocrx_word' id='word_1_5' title='bbox 834 117 888 158; x_wconf 86' lang='lat' dir='ltr'>de</span> <span class='ocrx_word' id='word_1_6' title='bbox 919 118 1042 159; x_wconf 82' lang='lat' dir='ltr'>Eccl.</span> <span class='ocrx_word' id='word_1_7' title='bbox 1109 115 1220 172; x_wconf 88' lang='lat' dir='ltr'>Cap.</span> <span class='ocrx_word' id='word_1_8' title='bbox 1255 117 1312 157; x_wconf 85' lang='grc' dir='ltr'>ΙΙ.</span> <span class='ocrx_word' id='word_1_9' title='bbox 1364 115 1781 159; x_wconf 86' lang='lat' dir='ltr'>Commentationes</span> <span class='ocrx_word' id='word_1_10' title='bbox 1816 116 1871 158; x_wconf 88' lang='lat' dir='ltr'>de</span> <span class='ocrx_word' id='word_1_11' title='bbox 1903 117 2139 170; x_wconf 83' lang='lat' dir='ltr'><strong>aliquibus</strong></span> <span class='ocrx_word' id='word_1_12' title='bbox 2171 117 2300 159; x_wconf 87' lang='lat' dir='ltr'>locis.</span> 
     </span>
    </p>
   </div>
   <div class='ocr_carea' id='block_1_2' title="bbox 200 262 2548 3763">
    <p class='ocr_par' dir='ltr' id='par_1_2' title="bbox 201 262 2548 1103">
     <span class='ocr_line' id='line_1_2' title="bbox 358 262 2480 334; baseline 0.001 -18"><span class='ocrx_word' id='word_1_13' title='bbox 358 266 439 331; x_wconf 73' lang='lat'>„3.</span> <span class='ocrx_word' id='word_1_14' title='bbox 482 264 552 315; x_wconf 89' lang='lat' dir='ltr'>Vi</span> <span class='ocrx_word' id='word_1_15' title='bbox 595 271 744 317; x_wconf 83' lang='lat' dir='ltr'>caret</span> <span class='ocrx_word' id='word_1_16' title='bbox 786 263 1077 333; x_wconf 80' lang='lat' dir='ltr'>exceptio,</span> <span class='ocrx_word' id='word_1_17' title='bbox 1119 264 1276 334; x_wconf 84' lang='lat' dir='ltr'>quasi</span> <span class='ocrx_word' id='word_1_18' title='bbox 1315 262 1463 315; x_wconf 89' lang='lat' dir='ltr'>idem</span> <span class='ocrx_word' id='word_1_19' title='bbox 1506 262 1727 316; x_wconf 88' lang='lat' dir='ltr'>libellus</span> <span class='ocrx_word' id='word_1_20' title='bbox 1767 263 1927 330; x_wconf 90' lang='lat' dir='ltr'>fidei,</span> <span class='ocrx_word' id='word_1_21' title='bbox 1969 264 2025 314; x_wconf 93' lang='lat' dir='ltr'>in</span> <span class='ocrx_word' id='word_1_22' title='bbox 2066 262 2346 316; x_wconf 89' lang='lat' dir='ltr'>schemate</span> <span class='ocrx_word' id='word_1_23' title='bbox 2387 265 2480 318; x_wconf 91' lang='lat' dir='ltr'>tri-</span> 
     </span>
     <span class='ocr_line' id='line_1_3' title="bbox 207 347 2545 416; baseline 0.001 -15"><span class='ocrx_word' id='word_1_24' title='bbox 207 349 369 401; x_wconf 91' lang='lat' dir='ltr'>butus</span> <span class='ocrx_word' id='word_1_25' title='bbox 412 348 779 416; x_wconf 86' lang='lat' dir='ltr'>Hormisdae,</span> <span class='ocrx_word' id='word_1_26' title='bbox 833 348 1001 401; x_wconf 91' lang='lat' dir='ltr'>fuerit</span> <span class='ocrx_word' id='word_1_27' title='bbox 1042 348 1111 401; x_wconf 88' lang='lat' dir='ltr'>ab</span> <span class='ocrx_word' id='word_1_28' title='bbox 1155 347 1445 400; x_wconf 89' lang='lat' dir='ltr'>Hadriano</span> <span class='ocrx_word' id='word_1_29' title='bbox 1489 347 1562 401; x_wconf 92' lang='grc' dir='ltr'>ΙΙ.</span> <span class='ocrx_word' id='word_1_30' title='bbox 1618 349 1812 401; x_wconf 89' lang='lat' dir='ltr'>missus</span> <span class='ocrx_word' id='word_1_31' title='bbox 1864 347 1934 401; x_wconf 88' lang='lat' dir='ltr'>ad</span> <span class='ocrx_word' id='word_1_32' title='bbox 1976 347 2249 415; x_wconf 80' lang='lat' dir='ltr'>GraecOS,</span> <span class='ocrx_word' id='word_1_33' title='bbox 2306 355 2362 400; x_wconf 91' lang='lat' dir='ltr'>et</span> <span class='ocrx_word' id='word_1_34' title='bbox 2412 348 2479 403; x_wconf 85' lang='lat' dir='ltr'>ab</span> <span class='ocrx_word' id='word_1_35' title='bbox 2541 405 2545 407; x_wconf 63' lang='grc'><strong>,</strong></span> 
     </span>
     <span class='ocr_line' id='line_1_4' title="bbox 204 432 2548 505; baseline -0.001 -19"><span class='ocrx_word' id='word_1_36' title='bbox 204 435 282 487; x_wconf 87' lang='lat' dir='ltr'>eis</span> <span class='ocrx_word' id='word_1_37' title='bbox 323 452 431 487; x_wconf 89' lang='lat' dir='ltr'>non</span> <span class='ocrx_word' id='word_1_38' title='bbox 475 434 627 502; x_wconf 89' lang='lat' dir='ltr'>prius</span> <span class='ocrx_word' id='word_1_39' title='bbox 668 453 729 485; x_wconf 88' lang='lat' dir='ltr'>ac</span> <span class='ocrx_word' id='word_1_40' title='bbox 771 434 828 486; x_wconf 90' lang='lat' dir='ltr'>in</span> <span class='ocrx_word' id='word_1_41' title='bbox 868 433 1232 504; x_wconf 88' lang='lat' dir='ltr'>Lugdunensi</span> <span class='ocrx_word' id='word_1_42' title='bbox 1276 432 1524 486; x_wconf 79' lang='lat' dir='ltr'>Concilio</span> <span class='ocrx_word' id='word_1_43' title='bbox 1577 432 1934 505; x_wconf 89' lang='lat' dir='ltr'>subscriptus.</span> <span class='ocrx_word' id='word_1_44' title='bbox 2016 432 2124 486; x_wconf 82' lang='lat' dir='ltr'>Sed</span> <span class='ocrx_word' id='word_1_45' title='bbox 2166 434 2223 485; x_wconf 91' lang='lat' dir='ltr'>in</span> <span class='ocrx_word' id='word_1_46' title='bbox 2265 432 2349 485; x_wconf 89' lang='lat' dir='ltr'>his</span> <span class='ocrx_word' id='word_1_47' title='bbox 2388 451 2481 504; x_wconf 86' lang='lat' dir='ltr'>ap·</span> <span class='ocrx_word' id='word_1_48' title='bbox 2540 478 2548 483; x_wconf 76' lang='grc'>,</span> 
     </span>
     <span class='ocr_line' id='line_1_5' title="bbox 204 517 2481 589; baseline 0 -18"><span class='ocrx_word' id='word_1_49' title='bbox 204 524 364 588; x_wconf 91' lang='lat' dir='ltr'>paret</span> <span class='ocrx_word' id='word_1_50' title='bbox 405 518 872 583; x_wconf 73' lang='lat' dir='ltr'>anachronismuS,</span> <span class='ocrx_word' id='word_1_51' title='bbox 915 536 1023 589; x_wconf 93' lang='lat' dir='ltr'>quo</span> <span class='ocrx_word' id='word_1_52' title='bbox 1052 518 1431 588; x_wconf 87' lang='lat' dir='ltr'>Lugdunense</span> <span class='ocrx_word' id='word_1_53' title='bbox 1474 517 1548 570; x_wconf 92' lang='lat' dir='ltr'>II.</span> <span class='ocrx_word' id='word_1_54' title='bbox 1590 536 1714 571; x_wconf 90' lang='lat' dir='ltr'>cum</span> <span class='ocrx_word' id='word_1_55' title='bbox 1755 518 1918 571; x_wconf 86' lang='lat' dir='ltr'><strong>VIII.</strong></span> <span class='ocrx_word' id='word_1_56' title='bbox 1962 517 2212 571; x_wconf 84' lang='lat' dir='ltr'>Concilio</span> <span class='ocrx_word' id='word_1_57' title='bbox 2252 517 2481 572; x_wconf 86' lang='lat' dir='ltr'>confun-</span> 
     </span>
     <span class='ocr_line' id='line_1_6' title="bbox 203 602 2480 674; baseline 0 -18"><span class='ocrx_word' id='word_1_58' title='bbox 203 604 379 670; x_wconf 84' lang='lat' dir='ltr'>ditur3</span> <span class='ocrx_word' id='word_1_59' title='bbox 423 622 533 657; x_wconf 92' lang='lat' dir='ltr'>non</span> <span class='ocrx_word' id='word_1_60' title='bbox 574 622 731 657; x_wconf 88' lang='lat' dir='ltr'>secus</span> <span class='ocrx_word' id='word_1_61' title='bbox 772 623 835 657; x_wconf 91' lang='lat' dir='ltr'>ac</span> <span class='ocrx_word' id='word_1_62' title='bbox 876 604 929 656; x_wconf 89' lang='lat' dir='ltr'>in</span> <span class='ocrx_word' id='word_1_63' title='bbox 962 622 1045 670; x_wconf 89' lang='lat' dir='ltr'>eo,</span> <span class='ocrx_word' id='word_1_64' title='bbox 1089 604 1236 674; x_wconf 91' lang='lat' dir='ltr'>quod</span> <span class='ocrx_word' id='word_1_65' title='bbox 1267 603 1595 656; x_wconf 79' lang='lat' dir='ltr'>Anastasius</span> <span class='ocrx_word' id='word_1_66' title='bbox 1621 603 2087 657; x_wconf 89' lang='lat' dir='ltr'>Bibliothecarius</span> <span class='ocrx_word' id='word_1_67' title='bbox 2127 603 2308 657; x_wconf 90' lang='lat' dir='ltr'>eidem</span> <span class='ocrx_word' id='word_1_68' title='bbox 2338 602 2480 657; x_wconf 90' lang='lat' dir='ltr'>Con-</span> 
     </span>
     <span class='ocr_line' id='line_1_7' title="bbox 202 688 2482 760; baseline 0.001 -20"><span class='ocrx_word' id='word_1_69' title='bbox 202 689 327 741; x_wconf 88' lang='lat' dir='ltr'>cilio</span> <span class='ocrx_word' id='word_1_70' title='bbox 369 688 570 742; x_wconf 85' lang='lat' dir='ltr'>dicitur</span> <span class='ocrx_word' id='word_1_71' title='bbox 610 689 943 743; x_wconf 80' lang='lat' dir='ltr'>interfuisse.</span> <span class='ocrx_word' id='word_1_72' title='bbox 998 688 1153 750; x_wconf 81' lang='lat' dir='ltr'>Quae</span> <span class='ocrx_word' id='word_1_73' title='bbox 1195 706 1328 741; x_wconf 83' lang='lat' dir='ltr'>vero</span> <span class='ocrx_word' id='word_1_74' title='bbox 1371 688 1459 740; x_wconf 92' lang='lat' dir='ltr'>hic</span> <span class='ocrx_word' id='word_1_75' title='bbox 1487 688 1634 741; x_wconf 90' lang='lat' dir='ltr'>idem</span> <span class='ocrx_word' id='word_1_76' title='bbox 1663 688 1990 742; x_wconf 83' lang='lat' dir='ltr'>Anastasius</span> <span class='ocrx_word' id='word_1_77' title='bbox 2018 695 2224 756; x_wconf 89' lang='lat' dir='ltr'>narrat,</span> <span class='ocrx_word' id='word_1_78' title='bbox 2264 708 2298 742; x_wconf 90' lang='lat' dir='ltr'>a</span> <span class='ocrx_word' id='word_1_79' title='bbox 2326 689 2482 760; x_wconf 84' lang='lat' dir='ltr'>Papa</span> 
     </span>
     <span class='ocr_line' id='line_1_8' title="bbox 201 773 2548 846; baseline -0.001 -20"><span class='ocrx_word' id='word_1_80' title='bbox 201 774 431 828; x_wconf 83' lang='lat' dir='ltr'>Nicolao</span> <span class='ocrx_word' id='word_1_81' title='bbox 473 774 786 842; x_wconf 88' lang='lat' dir='ltr'>formulam,</span> <span class='ocrx_word' id='word_1_82' title='bbox 829 793 936 844; x_wconf 92' lang='lat' dir='ltr'>qua</span> <span class='ocrx_word' id='word_1_83' title='bbox 978 793 1106 826; x_wconf 91' lang='lat' dir='ltr'>usus</span> <span class='ocrx_word' id='word_1_84' title='bbox 1148 773 1352 826; x_wconf 88' lang='lat' dir='ltr'>deinde</span> <span class='ocrx_word' id='word_1_85' title='bbox 1382 773 1702 826; x_wconf 82' lang='lat' dir='ltr'>Hadrianus</span> <span class='ocrx_word' id='word_1_86' title='bbox 1744 780 1842 841; x_wconf 89' lang='lat' dir='ltr'>est,</span> <span class='ocrx_word' id='word_1_87' title='bbox 1886 774 2056 828; x_wconf 90' lang='lat' dir='ltr'>fuisse</span> <span class='ocrx_word' id='word_1_88' title='bbox 2087 774 2315 828; x_wconf 79' lang='lat' dir='ltr'>Graecis</span> <span class='ocrx_word' id='word_1_89' title='bbox 2356 793 2480 846; x_wconf 88' lang='lat' dir='ltr'>pro·</span> <span class='ocrx_word' id='word_1_90' title='bbox 2539 819 2548 823; x_wconf 86' lang='lat'>-</span> 
     </span>
     <span class='ocr_line' id='line_1_9' title="bbox 201 859 2480 931; baseline 0 -18"><span class='ocrx_word' id='word_1_91' title='bbox 201 861 454 931; x_wconf 75' lang='lat' dir='ltr'>positam,</span> <span class='ocrx_word' id='word_1_92' title='bbox 498 861 596 914; x_wconf 90' lang='lat' dir='ltr'>sed</span> <span class='ocrx_word' id='word_1_93' title='bbox 625 861 693 914; x_wconf 89' lang='lat' dir='ltr'>ab</span> <span class='ocrx_word' id='word_1_94' title='bbox 725 862 807 913; x_wconf 90' lang='lat' dir='ltr'>his</span> <span class='ocrx_word' id='word_1_95' title='bbox 837 879 946 913; x_wconf 93' lang='lat' dir='ltr'>non</span> <span class='ocrx_word' id='word_1_96' title='bbox 977 866 1277 930; x_wconf 79' lang='lat' dir='ltr'>acceptam,</span> <span class='ocrx_word' id='word_1_97' title='bbox 1320 860 1459 912; x_wconf 91' lang='lat' dir='ltr'>nihil</span> <span class='ocrx_word' id='word_1_98' title='bbox 1488 859 1639 912; x_wconf 90' lang='lat' dir='ltr'>aliud</span> <span class='ocrx_word' id='word_1_99' title='bbox 1669 860 1984 923; x_wconf 88' lang='lat' dir='ltr'>ostendunt,</span> <span class='ocrx_word' id='word_1_100' title='bbox 2025 860 2130 913; x_wconf 89' lang='lat' dir='ltr'>nisi</span> <span class='ocrx_word' id='word_1_101' title='bbox 2157 860 2286 914; x_wconf 90' lang='lat' dir='ltr'>hinc</span> <span class='ocrx_word' id='word_1_102' title='bbox 2328 865 2480 914; x_wconf 82' lang='lat' dir='ltr'>tena-</span> 
     </span>
     <span class='ocr_line' id='line_1_10' title="bbox 202 945 2481 1011; baseline 0 -13"><span class='ocrx_word' id='word_1_103' title='bbox 202 946 424 998; x_wconf 78' lang='lat' dir='ltr'>citatem</span> <span class='ocrx_word' id='word_1_104' title='bbox 478 947 772 999; x_wconf 87' lang='lat' dir='ltr'>haereseos</span> <span class='ocrx_word' id='word_1_105' title='bbox 816 951 871 999; x_wconf 92' lang='lat' dir='ltr'>et</span> <span class='ocrx_word' id='word_1_106' title='bbox 910 945 1249 1011; x_wconf 82' lang='lat' dir='ltr'>schismatis,</span> <span class='ocrx_word' id='word_1_107' title='bbox 1311 945 1440 997; x_wconf 90' lang='lat' dir='ltr'>inde</span> <span class='ocrx_word' id='word_1_108' title='bbox 1494 952 1680 998; x_wconf 91' lang='lat' dir='ltr'>autem</span> <span class='ocrx_word' id='word_1_109' title='bbox 1734 952 2082 999; x_wconf 86' lang='lat' dir='ltr'>constantem</span> <span class='ocrx_word' id='word_1_110' title='bbox 2125 964 2187 999; x_wconf 87' lang='lat' dir='ltr'>ac</span> <span class='ocrx_word' id='word_1_111' title='bbox 2228 946 2481 999; x_wconf 82' lang='lat' dir='ltr'>immuta-</span> 
     </span>
     <span class='ocr_line' id='line_1_11' title="bbox 205 1029 2307 1103; baseline 0 -20"><span class='ocrx_word' id='word_1_112' title='bbox 205 1030 369 1084; x_wconf 91' lang='lat' dir='ltr'>bilem</span> <span class='ocrx_word' id='word_1_113' title='bbox 413 1031 769 1084; x_wconf 84' lang='lat' dir='ltr'>traditionem</span> <span class='ocrx_word' id='word_1_114' title='bbox 811 1049 872 1084; x_wconf 90' lang='lat' dir='ltr'>ac</span> <span class='ocrx_word' id='word_1_115' title='bbox 916 1031 1226 1084; x_wconf 85' lang='lat' dir='ltr'>doctrinam</span> <span class='ocrx_word' id='word_1_116' title='bbox 1267 1030 1417 1100; x_wconf 89' lang='lat' dir='ltr'>apud</span> <span class='ocrx_word' id='word_1_117' title='bbox 1456 1029 1741 1084; x_wconf 85' lang='lat' dir='ltr'>Romanae</span> <span class='ocrx_word' id='word_1_118' title='bbox 1784 1031 1942 1084; x_wconf 80' lang='lat' dir='ltr'>Sedis</span> <span class='ocrx_word' id='word_1_119' title='bbox 1984 1031 2307 1103; x_wconf 75' lang='lat' dir='ltr'>Episcopos</span> 
     </span>
    </p>

    <p class='ocr_par' dir='ltr' id='par_1_3' title="bbox 200 1116 2515 1447">
     <span class='ocr_line' id='line_1_12' title="bbox 355 1116 2485 1188; baseline 0.001 -19"><span class='ocrx_word' id='word_1_120' title='bbox 355 1122 437 1184; x_wconf 84' lang='lat'>„4.</span> <span class='ocrx_word' id='word_1_121' title='bbox 481 1118 553 1170; x_wconf 84' lang='lat' dir='ltr'>Vi</span> <span class='ocrx_word' id='word_1_122' title='bbox 596 1126 748 1170; x_wconf 91' lang='lat' dir='ltr'>caret</span> <span class='ocrx_word' id='word_1_123' title='bbox 790 1118 1068 1188; x_wconf 85' lang='lat' dir='ltr'>exceptiO,</span> <span class='ocrx_word' id='word_1_124' title='bbox 1112 1117 1268 1187; x_wconf 90' lang='lat' dir='ltr'>quasi</span> <span class='ocrx_word' id='word_1_125' title='bbox 1309 1116 1480 1170; x_wconf 80' lang='lat' dir='ltr'>verba</span> <span class='ocrx_word' id='word_1_126' title='bbox 1522 1134 1592 1169; x_wconf 86' lang='lat' dir='ltr'>ex</span> <span class='ocrx_word' id='word_1_127' title='bbox 1623 1116 1872 1170; x_wconf 81' lang='lat' dir='ltr'>Concilio</span> <span class='ocrx_word' id='word_1_128' title='bbox 1901 1117 2268 1188; x_wconf 90' lang='lat' dir='ltr'>Lugdunensi</span> <span class='ocrx_word' id='word_1_129' title='bbox 2309 1117 2386 1171; x_wconf 91' lang='lat' dir='ltr'>II.</span> <span class='ocrx_word' id='word_1_130' title='bbox 2429 1124 2485 1171; x_wconf 76' lang='lat' dir='ltr'>et</span> 
     </span>
     <span class='ocr_line' id='line_1_13' title="bbox 200 1202 2482 1271; baseline 0.001 -16"><span class='ocrx_word' id='word_1_131' title='bbox 200 1202 438 1256; x_wconf 89' lang='lat' dir='ltr'>formula</span> <span class='ocrx_word' id='word_1_132' title='bbox 479 1203 815 1257; x_wconf 85' lang='lat' dir='ltr'>Hormisdae</span> <span class='ocrx_word' id='word_1_133' title='bbox 869 1203 1151 1256; x_wconf 71' lang='lat' dir='ltr'>adducta1</span> <span class='ocrx_word' id='word_1_134' title='bbox 1206 1211 1389 1256; x_wconf 90' lang='lat' dir='ltr'>essent</span> <span class='ocrx_word' id='word_1_135' title='bbox 1442 1220 1638 1255; x_wconf 89' lang='lat' dir='ltr'>manca</span> <span class='ocrx_word' id='word_1_136' title='bbox 1690 1203 1807 1265; x_wconf 87' lang='lat' dir='ltr'>vel,</span> <span class='ocrx_word' id='word_1_137' title='bbox 1864 1209 1925 1256; x_wconf 89' lang='lat' dir='ltr'>ut</span> <span class='ocrx_word' id='word_1_138' title='bbox 1973 1204 2156 1271; x_wconf 89' lang='lat' dir='ltr'>aiunt,</span> <span class='ocrx_word' id='word_1_139' title='bbox 2210 1208 2482 1258; x_wconf 76' lang='lat' dir='ltr'>truncata.</span> 
     </span>
     <span class='ocr_line' id='line_1_14' title="bbox 201 1283 2515 1365; baseline 0.001 -24"><span class='ocrx_word' id='word_1_140' title='bbox 201 1288 397 1360; x_wconf 75' lang='lat' dir='ltr'>Neque</span> <span class='ocrx_word' id='word_1_141' title='bbox 442 1290 588 1342; x_wconf 87' lang='lat' dir='ltr'>enim</span> <span class='ocrx_word' id='word_1_142' title='bbox 632 1307 773 1360; x_wconf 91' lang='lat' dir='ltr'>quae</span> <span class='ocrx_word' id='word_1_143' title='bbox 826 1307 897 1342; x_wconf 87' lang='lat' dir='ltr'>ex</span> <span class='ocrx_word' id='word_1_144' title='bbox 937 1296 1175 1358; x_wconf 91' lang='lat' dir='ltr'>utroque</span> <span class='ocrx_word' id='word_1_145' title='bbox 1228 1288 1359 1341; x_wconf 87' lang='lat' dir='ltr'>fidei</span> <span class='ocrx_word' id='word_1_146' title='bbox 1414 1288 1749 1341; x_wconf 86' lang='lat' dir='ltr'>documento</span> <span class='ocrx_word' id='word_1_147' title='bbox 1804 1289 2047 1360; x_wconf 90' lang='lat' dir='ltr'>allegata</span> <span class='ocrx_word' id='word_1_148' title='bbox 2104 1290 2161 1341; x_wconf 94' lang='lat' dir='ltr'>in</span> <span class='ocrx_word' id='word_1_149' title='bbox 2203 1283 2515 1365; x_wconf 72' lang='lat' dir='ltr'>schemate</span> 
     </span>
     <span class='ocr_line' id='line_1_15' title="bbox 201 1377 1025 1447; baseline -0.001 -18"><span class='ocrx_word' id='word_1_150' title='bbox 201 1383 344 1443; x_wconf 90' lang='lat' dir='ltr'>sunt,</span> <span class='ocrx_word' id='word_1_151' title='bbox 389 1394 585 1430; x_wconf 88' lang='lat' dir='ltr'>manca</span> <span class='ocrx_word' id='word_1_152' title='bbox 628 1377 734 1429; x_wconf 90' lang='lat' dir='ltr'>dici</span> <span class='ocrx_word' id='word_1_153' title='bbox 777 1382 1025 1447; x_wconf 82' lang='lat' dir='ltr'>possunt,</span> 
     </span>
    </p>

    <p class='ocr_par' dir='ltr' id='par_1_4' title="bbox 202 1459 2484 1704">
     <span class='ocr_line' id='line_1_16' title="bbox 355 1459 2484 1534; baseline 0 -20"><span class='ocrx_word' id='word_1_154' title='bbox 355 1464 442 1530; x_wconf 91' lang='lat' dir='ltr'>„a)</span> <span class='ocrx_word' id='word_1_155' title='bbox 484 1468 782 1534; x_wconf 87' lang='lat' dir='ltr'>propterea</span> <span class='ocrx_word' id='word_1_156' title='bbox 824 1462 972 1532; x_wconf 91' lang='lat' dir='ltr'>quod</span> <span class='ocrx_word' id='word_1_157' title='bbox 1014 1479 1196 1531; x_wconf 92' lang='lat' dir='ltr'>neque</span> <span class='ocrx_word' id='word_1_158' title='bbox 1239 1468 1355 1513; x_wconf 92' lang='lat' dir='ltr'>tota</span> <span class='ocrx_word' id='word_1_159' title='bbox 1397 1459 1670 1514; x_wconf 87' lang='lat' dir='ltr'>confessio</span> <span class='ocrx_word' id='word_1_160' title='bbox 1712 1460 1842 1514; x_wconf 91' lang='lat' dir='ltr'>fidei</span> <span class='ocrx_word' id='word_1_161' title='bbox 1870 1460 2263 1530; x_wconf 83' lang='lat' dir='ltr'>Lugdunensis</span> <span class='ocrx_word' id='word_1_162' title='bbox 2303 1477 2484 1532; x_wconf 83' lang='lat' dir='ltr'>neque</span> 
     </span>
     <span class='ocr_line' id='line_1_17' title="bbox 202 1545 2484 1618; baseline 0 -20"><span class='ocrx_word' id='word_1_163' title='bbox 202 1549 423 1618; x_wconf 82' lang='lat' dir='ltr'>integra</span> <span class='ocrx_word' id='word_1_164' title='bbox 463 1548 800 1601; x_wconf 86' lang='lat' dir='ltr'>Hormisdae</span> <span class='ocrx_word' id='word_1_165' title='bbox 842 1548 1081 1601; x_wconf 90' lang='lat' dir='ltr'>formula</span> <span class='ocrx_word' id='word_1_166' title='bbox 1123 1547 1389 1599; x_wconf 87' lang='lat' dir='ltr'>translata</span> <span class='ocrx_word' id='word_1_167' title='bbox 1440 1547 1496 1598; x_wconf 90' lang='lat' dir='ltr'>in</span> <span class='ocrx_word' id='word_1_168' title='bbox 1538 1545 1763 1599; x_wconf 87' lang='lat' dir='ltr'>schema</span> <span class='ocrx_word' id='word_1_169' title='bbox 1803 1546 1937 1613; x_wconf 90' lang='lat' dir='ltr'>fuit;</span> <span class='ocrx_word' id='word_1_170' title='bbox 1991 1565 2119 1599; x_wconf 91' lang='lat' dir='ltr'>nam</span> <span class='ocrx_word' id='word_1_171' title='bbox 2161 1564 2228 1600; x_wconf 88' lang='lat' dir='ltr'>ea</span> <span class='ocrx_word' id='word_1_172' title='bbox 2267 1549 2484 1603; x_wconf 70' lang='lat' dir='ltr'>tantum</span> 
     </span>
     <span class='ocr_line' id='line_1_18' title="bbox 205 1632 2483 1704; baseline 0 -19"><span class='ocrx_word' id='word_1_173' title='bbox 205 1633 493 1686; x_wconf 84' lang='lat' dir='ltr'>afferenda</span> <span class='ocrx_word' id='word_1_174' title='bbox 536 1639 711 1701; x_wconf 86' lang='lat' dir='ltr'>erant,</span> <span class='ocrx_word' id='word_1_175' title='bbox 756 1650 896 1704; x_wconf 86' lang='lat' dir='ltr'>quae</span> <span class='ocrx_word' id='word_1_176' title='bbox 924 1633 994 1685; x_wconf 92' lang='lat' dir='ltr'>ad</span> <span class='ocrx_word' id='word_1_177' title='bbox 1023 1651 1159 1700; x_wconf 89' lang='lat' dir='ltr'>rem,</span> <span class='ocrx_word' id='word_1_178' title='bbox 1203 1632 1270 1686; x_wconf 86' lang='lat' dir='ltr'>de</span> <span class='ocrx_word' id='word_1_179' title='bbox 1301 1651 1410 1703; x_wconf 91' lang='lat' dir='ltr'>qua</span> <span class='ocrx_word' id='word_1_180' title='bbox 1438 1632 1737 1702; x_wconf 90' lang='lat' dir='ltr'>quaeritur,</span> <span class='ocrx_word' id='word_1_181' title='bbox 1780 1632 2171 1685; x_wconf 89' lang='lat' dir='ltr'>stabiliendam</span> <span class='ocrx_word' id='word_1_182' title='bbox 2201 1632 2483 1698; x_wconf 83' lang='lat' dir='ltr'>facerent3</span> 
     </span>
    </p>

    <p class='ocr_par' dir='ltr' id='par_1_5' title="bbox 202 1717 2485 2134">
     <span class='ocr_line' id='line_1_19' title="bbox 355 1717 2485 1789; baseline -0 -17"><span class='ocrx_word' id='word_1_183' title='bbox 355 1720 445 1787; x_wconf 88' lang='lat' dir='ltr'>„b)</span> <span class='ocrx_word' id='word_1_184' title='bbox 488 1737 551 1772; x_wconf 91' lang='lat' dir='ltr'>ac</span> <span class='ocrx_word' id='word_1_185' title='bbox 593 1720 636 1772; x_wconf 91' lang='lat' dir='ltr'>si</span> <span class='ocrx_word' id='word_1_186' title='bbox 679 1738 869 1789; x_wconf 86' lang='lat' dir='ltr'>pressa</span> <span class='ocrx_word' id='word_1_187' title='bbox 910 1719 1131 1772; x_wconf 90' lang='lat' dir='ltr'>silentio</span> <span class='ocrx_word' id='word_1_188' title='bbox 1175 1737 1241 1772; x_wconf 92' lang='lat' dir='ltr'>ea</span> <span class='ocrx_word' id='word_1_189' title='bbox 1295 1718 1555 1785; x_wconf 92' lang='lat' dir='ltr'>fuissent,</span> <span class='ocrx_word' id='word_1_190' title='bbox 1608 1717 1807 1788; x_wconf 91' lang='lat' dir='ltr'>quibus</span> <span class='ocrx_word' id='word_1_191' title='bbox 1861 1718 2075 1771; x_wconf 88' lang='lat' dir='ltr'>omissis</span> <span class='ocrx_word' id='word_1_192' title='bbox 2116 1736 2179 1771; x_wconf 91' lang='lat' dir='ltr'>ac</span> <span class='ocrx_word' id='word_1_193' title='bbox 2223 1718 2485 1789; x_wconf 91' lang='lat' dir='ltr'>praecisis</span> 
     </span>
     <span class='ocr_line' id='line_1_20' title="bbox 203 1805 2484 1876; baseline 0.001 -20"><span class='ocrx_word' id='word_1_194' title='bbox 203 1805 374 1857; x_wconf 77' lang='lat' dir='ltr'>verba</span> <span class='ocrx_word' id='word_1_195' title='bbox 416 1807 472 1857; x_wconf 94' lang='lat' dir='ltr'>in</span> <span class='ocrx_word' id='word_1_196' title='bbox 514 1806 795 1859; x_wconf 87' lang='lat' dir='ltr'>schemate</span> <span class='ocrx_word' id='word_1_197' title='bbox 842 1806 1011 1859; x_wconf 87' lang='lat' dir='ltr'>allata</span> <span class='ocrx_word' id='word_1_198' title='bbox 1053 1805 1292 1859; x_wconf 90' lang='lat' dir='ltr'>alienam</span> <span class='ocrx_word' id='word_1_199' title='bbox 1335 1823 1366 1857; x_wconf 92' lang='lat' dir='ltr'>a</span> <span class='ocrx_word' id='word_1_200' title='bbox 1407 1823 1504 1857; x_wconf 90' lang='lat' dir='ltr'>suo</span> <span class='ocrx_word' id='word_1_201' title='bbox 1560 1810 1825 1857; x_wconf 86' lang='lat' dir='ltr'>contextu</span> <span class='ocrx_word' id='word_1_202' title='bbox 1879 1805 2213 1858; x_wconf 89' lang='lat' dir='ltr'>sententiam</span> <span class='ocrx_word' id='word_1_203' title='bbox 2252 1822 2386 1876; x_wconf 87' lang='lat' dir='ltr'>prae</span> <span class='ocrx_word' id='word_1_204' title='bbox 2427 1823 2484 1858; x_wconf 70' lang='lat' dir='ltr'>se</span> 
     </span>
     <span class='ocr_line' id='line_1_21' title="bbox 202 1889 2483 1960; baseline 0.001 -19"><span class='ocrx_word' id='word_1_205' title='bbox 202 1889 438 1957; x_wconf 80' lang='lat' dir='ltr'>ferrent3</span> <span class='ocrx_word' id='word_1_206' title='bbox 482 1896 696 1943; x_wconf 89' lang='lat' dir='ltr'>tantum</span> <span class='ocrx_word' id='word_1_207' title='bbox 729 1892 875 1944; x_wconf 88' lang='lat' dir='ltr'>enim</span> <span class='ocrx_word' id='word_1_208' title='bbox 906 1891 1080 1959; x_wconf 88' lang='lat' dir='ltr'>abest,</span> <span class='ocrx_word' id='word_1_209' title='bbox 1121 1896 1182 1942; x_wconf 90' lang='lat' dir='ltr'>ut</span> <span class='ocrx_word' id='word_1_210' title='bbox 1211 1891 1266 1942; x_wconf 90' lang='lat' dir='ltr'>in</span> <span class='ocrx_word' id='word_1_211' title='bbox 1310 1889 1549 1943; x_wconf 87' lang='lat' dir='ltr'>formula</span> <span class='ocrx_word' id='word_1_212' title='bbox 1578 1889 1911 1942; x_wconf 88' lang='lat' dir='ltr'>Hormisdae</span> <span class='ocrx_word' id='word_1_213' title='bbox 1944 1890 2253 1944; x_wconf 84' lang='lat' dir='ltr'>habeantur</span> <span class='ocrx_word' id='word_1_214' title='bbox 2281 1889 2483 1960; x_wconf 82' lang='lat' dir='ltr'>aliqua,</span> 
     </span>
     <span class='ocr_line' id='line_1_22' title="bbox 202 1976 2483 2048; baseline -0.001 -19"><span class='ocrx_word' id='word_1_215' title='bbox 202 1976 401 2046; x_wconf 86' lang='lat' dir='ltr'>quibus</span> <span class='ocrx_word' id='word_1_216' title='bbox 438 1978 664 2048; x_wconf 90' lang='lat' dir='ltr'>propria</span> <span class='ocrx_word' id='word_1_217' title='bbox 705 1978 1000 2031; x_wconf 89' lang='lat' dir='ltr'>allatorum</span> <span class='ocrx_word' id='word_1_218' title='bbox 1043 1977 1342 2030; x_wconf 84' lang='lat' dir='ltr'>verborum</span> <span class='ocrx_word' id='word_1_219' title='bbox 1382 1976 1463 2028; x_wconf 83' lang='lat' dir='ltr'>vis</span> <span class='ocrx_word' id='word_1_220' title='bbox 1506 1993 1568 2028; x_wconf 92' lang='lat' dir='ltr'>ac</span> <span class='ocrx_word' id='word_1_221' title='bbox 1609 1976 1885 2029; x_wconf 84' lang='lat' dir='ltr'>sententia</span> <span class='ocrx_word' id='word_1_222' title='bbox 1925 1976 2290 2047; x_wconf 75' lang='lat' dir='ltr'>infringatur,</span> <span class='ocrx_word' id='word_1_223' title='bbox 2330 1980 2393 2028; x_wconf 92' lang='lat' dir='ltr'>ut</span> <span class='ocrx_word' id='word_1_224' title='bbox 2429 1978 2483 2027; x_wconf 81' lang='lat' dir='ltr'>in</span> 
     </span>
     <span class='ocr_line' id='line_1_23' title="bbox 202 2061 1951 2134; baseline 0.001 -21"><span class='ocrx_word' id='word_1_225' title='bbox 202 2062 297 2114; x_wconf 88' lang='lat' dir='ltr'>illa</span> <span class='ocrx_word' id='word_1_226' title='bbox 338 2082 448 2116; x_wconf 89' lang='lat' dir='ltr'>non</span> <span class='ocrx_word' id='word_1_227' title='bbox 492 2062 690 2129; x_wconf 85' lang='lat' dir='ltr'>desint,</span> <span class='ocrx_word' id='word_1_228' title='bbox 735 2064 934 2134; x_wconf 89' lang='lat' dir='ltr'>quibus</span> <span class='ocrx_word' id='word_1_229' title='bbox 976 2063 1174 2116; x_wconf 87' lang='lat' dir='ltr'>eadem</span> <span class='ocrx_word' id='word_1_230' title='bbox 1216 2063 1494 2115; x_wconf 89' lang='lat' dir='ltr'>sententia</span> <span class='ocrx_word' id='word_1_231' title='bbox 1534 2061 1813 2128; x_wconf 72' lang='lat' dir='ltr'>firmetur,</span> <span class='ocrx_word' id='word_1_232' title='bbox 1860 2062 1951 2115; x_wconf 89' lang='lat' dir='ltr'>vel</span> 
     </span>
    </p>

    <p class='ocr_par' dir='ltr' id='par_1_6' title="bbox 201 2147 2485 2904">
     <span class='ocr_line' id='line_1_24' title="bbox 355 2147 2485 2219; baseline -0 -19"><span class='ocrx_word' id='word_1_233' title='bbox 355 2151 439 2215; x_wconf 83' lang='lat' dir='ltr'>„c)</span> <span class='ocrx_word' id='word_1_234' title='bbox 484 2149 631 2219; x_wconf 90' lang='lat' dir='ltr'>quod</span> <span class='ocrx_word' id='word_1_235' title='bbox 673 2168 782 2202; x_wconf 93' lang='lat' dir='ltr'>non</span> <span class='ocrx_word' id='word_1_236' title='bbox 826 2150 1027 2215; x_wconf 85' lang='lat' dir='ltr'>onmia,</span> <span class='ocrx_word' id='word_1_237' title='bbox 1072 2167 1212 2219; x_wconf 91' lang='lat' dir='ltr'>quae</span> <span class='ocrx_word' id='word_1_238' title='bbox 1242 2148 1311 2201; x_wconf 90' lang='lat' dir='ltr'>ad</span> <span class='ocrx_word' id='word_1_239' title='bbox 1341 2167 1456 2201; x_wconf 90' lang='lat' dir='ltr'>rem</span> <span class='ocrx_word' id='word_1_240' title='bbox 1497 2147 1681 2201; x_wconf 90' lang='lat' dir='ltr'>facere</span> <span class='ocrx_word' id='word_1_241' title='bbox 1723 2147 1999 2214; x_wconf 87' lang='lat' dir='ltr'>videntur,</span> <span class='ocrx_word' id='word_1_242' title='bbox 2041 2148 2098 2199; x_wconf 94' lang='lat' dir='ltr'>in</span> <span class='ocrx_word' id='word_1_243' title='bbox 2139 2147 2363 2200; x_wconf 90' lang='lat' dir='ltr'>schema</span> <span class='ocrx_word' id='word_1_244' title='bbox 2402 2163 2485 2199; x_wconf 86' lang='lat' dir='ltr'>re-</span> 
     </span>
     <span class='ocr_line' id='line_1_25' title="bbox 201 2232 2485 2304; baseline 0 -20"><span class='ocrx_word' id='word_1_245' title='bbox 201 2233 313 2285; x_wconf 90' lang='lat' dir='ltr'>lata</span> <span class='ocrx_word' id='word_1_246' title='bbox 354 2234 606 2301; x_wconf 82' lang='lat' dir='ltr'>fuerunt3</span> <span class='ocrx_word' id='word_1_247' title='bbox 650 2236 827 2287; x_wconf 89' lang='lat' dir='ltr'>visum</span> <span class='ocrx_word' id='word_1_248' title='bbox 871 2237 1018 2288; x_wconf 90' lang='lat' dir='ltr'>enim</span> <span class='ocrx_word' id='word_1_249' title='bbox 1049 2236 1179 2287; x_wconf 89' lang='lat' dir='ltr'>satis</span> <span class='ocrx_word' id='word_1_250' title='bbox 1221 2241 1304 2287; x_wconf 92' lang='lat' dir='ltr'>est</span> <span class='ocrx_word' id='word_1_251' title='bbox 1342 2252 1406 2287; x_wconf 90' lang='lat' dir='ltr'>ea</span> <span class='ocrx_word' id='word_1_252' title='bbox 1443 2233 1710 2299; x_wconf 89' lang='lat' dir='ltr'>attulisse,</span> <span class='ocrx_word' id='word_1_253' title='bbox 1755 2251 1894 2304; x_wconf 91' lang='lat' dir='ltr'>quae</span> <span class='ocrx_word' id='word_1_254' title='bbox 1924 2232 1994 2285; x_wconf 92' lang='lat' dir='ltr'>ad</span> <span class='ocrx_word' id='word_1_255' title='bbox 2033 2250 2152 2286; x_wconf 89' lang='lat' dir='ltr'>rem</span> <span class='ocrx_word' id='word_1_256' title='bbox 2193 2232 2485 2286; x_wconf 83' lang='lat' dir='ltr'>conficien-</span> 
     </span>
     <span class='ocr_line' id='line_1_26' title="bbox 204 2318 2482 2389; baseline 0 -18"><span class='ocrx_word' id='word_1_257' title='bbox 204 2319 331 2371; x_wconf 87' lang='lat' dir='ltr'>dam</span> <span class='ocrx_word' id='word_1_258' title='bbox 375 2320 712 2374; x_wconf 87' lang='lat' dir='ltr'>sufficerent.</span> <span class='ocrx_word' id='word_1_259' title='bbox 793 2321 1054 2374; x_wconf 88' lang='lat' dir='ltr'>Ceterum</span> <span class='ocrx_word' id='word_1_260' title='bbox 1098 2319 1369 2373; x_wconf 89' lang='lat' dir='ltr'>eiusmodi</span> <span class='ocrx_word' id='word_1_261' title='bbox 1411 2319 1662 2372; x_wconf 89' lang='lat' dir='ltr'>defectus</span> <span class='ocrx_word' id='word_1_262' title='bbox 1714 2336 1895 2389; x_wconf 92' lang='lat' dir='ltr'>neque</span> <span class='ocrx_word' id='word_1_263' title='bbox 1938 2318 2245 2388; x_wconf 83' lang='lat' dir='ltr'>generatim</span> <span class='ocrx_word' id='word_1_264' title='bbox 2287 2336 2482 2371; x_wconf 71' lang='lat' dir='ltr'>causa(-</span> 
     </span>
     <span class='ocr_line' id='line_1_27' title="bbox 202 2405 2474 2476; baseline 0 -19"><span class='ocrx_word' id='word_1_265' title='bbox 202 2406 496 2459; x_wconf 90' lang='lat' dir='ltr'>schematis</span> <span class='ocrx_word' id='word_1_266' title='bbox 539 2425 639 2460; x_wconf 89' lang='lat' dir='ltr'>nec</span> <span class='ocrx_word' id='word_1_267' title='bbox 683 2407 1007 2460; x_wconf 88' lang='lat' dir='ltr'>nominatim</span> <span class='ocrx_word' id='word_1_268' title='bbox 1052 2407 1301 2459; x_wconf 89' lang='lat' dir='ltr'>officeret</span> <span class='ocrx_word' id='word_1_269' title='bbox 1343 2406 1687 2476; x_wconf 88' lang='lat' dir='ltr'>depromptis</span> <span class='ocrx_word' id='word_1_270' title='bbox 1729 2423 1801 2459; x_wconf 87' lang='lat' dir='ltr'>ex</span> <span class='ocrx_word' id='word_1_271' title='bbox 1843 2411 2078 2475; x_wconf 89' lang='lat' dir='ltr'>utroque</span> <span class='ocrx_word' id='word_1_272' title='bbox 2125 2405 2474 2458; x_wconf 80' lang='lat' dir='ltr'>oecumenicc</span> 
     </span>
     <span class='ocr_line' id='line_1_28' title="bbox 206 2490 2477 2563; baseline -0.001 -18"><span class='ocrx_word' id='word_1_273' title='bbox 206 2491 456 2546; x_wconf 90' lang='lat' dir='ltr'>Concilio</span> <span class='ocrx_word' id='word_1_274' title='bbox 501 2494 790 2559; x_wconf 69' lang='lat' dir='ltr'>doctrinis,</span> <span class='ocrx_word' id='word_1_275' title='bbox 834 2494 1095 2563; x_wconf 89' lang='lat' dir='ltr'>idemque</span> <span class='ocrx_word' id='word_1_276' title='bbox 1138 2492 1301 2545; x_wconf 88' lang='lat' dir='ltr'>facile</span> <span class='ocrx_word' id='word_1_277' title='bbox 1330 2492 1560 2559; x_wconf 91' lang='lat' dir='ltr'>tollitur,</span> <span class='ocrx_word' id='word_1_278' title='bbox 1603 2493 1647 2545; x_wconf 93' lang='lat' dir='ltr'>si</span> <span class='ocrx_word' id='word_1_279' title='bbox 1689 2491 1929 2562; x_wconf 88' lang='lat' dir='ltr'>plurium</span> <span class='ocrx_word' id='word_1_280' title='bbox 1959 2491 2224 2543; x_wconf 74' lang='lat' dir='ltr'>Rffiorum</span> <span class='ocrx_word' id='word_1_281' title='bbox 2253 2490 2477 2543; x_wconf 84' lang='lat' dir='ltr'>Patrum</span> 
     </span>
     <span class='ocr_line' id='line_1_29' title="bbox 205 2576 2479 2649; baseline 0 -20"><span class='ocrx_word' id='word_1_282' title='bbox 205 2578 347 2630; x_wconf 91' lang='lat' dir='ltr'>ratio</span> <span class='ocrx_word' id='word_1_283' title='bbox 391 2579 680 2646; x_wconf 84' lang='lat' dir='ltr'>habeatur,</span> <span class='ocrx_word' id='word_1_284' title='bbox 724 2579 816 2649; x_wconf 91' lang='lat' dir='ltr'>qui</span> <span class='ocrx_word' id='word_1_285' title='bbox 858 2598 928 2631; x_wconf 90' lang='lat' dir='ltr'>ex</span> <span class='ocrx_word' id='word_1_286' title='bbox 971 2578 1211 2631; x_wconf 88' lang='lat' dir='ltr'>formula</span> <span class='ocrx_word' id='word_1_287' title='bbox 1239 2576 1577 2631; x_wconf 90' lang='lat' dir='ltr'>Hormisdae</span> <span class='ocrx_word' id='word_1_288' title='bbox 1605 2577 1743 2630; x_wconf 93' lang='lat' dir='ltr'>haec</span> <span class='ocrx_word' id='word_1_289' title='bbox 1784 2576 1956 2630; x_wconf 86' lang='lat' dir='ltr'>verba</span> <span class='ocrx_word' id='word_1_290' title='bbox 1983 2576 2250 2629; x_wconf 91' lang='lat' dir='ltr'>schemati</span> <span class='ocrx_word' id='word_1_291' title='bbox 2279 2576 2479 2629; x_wconf 84' lang='lat' dir='ltr'>inserta</span> 
     </span>
     <span class='ocr_line' id='line_1_30' title="bbox 205 2662 2482 2735; baseline -0.001 -19"><span class='ocrx_word' id='word_1_292' title='bbox 205 2664 442 2717; x_wconf 73' lang='lat' dir='ltr'>vellent:</span> <span class='ocrx_word' id='word_1_293' title='bbox 486 2665 569 2732; x_wconf 88' lang='lat' dir='ltr'>,In</span> <span class='ocrx_word' id='word_1_294' title='bbox 613 2665 865 2717; x_wconf 86' lang='lat' dir='ltr'>omnibus</span> <span class='ocrx_word' id='word_1_295' title='bbox 908 2664 1249 2735; x_wconf 89' lang='lat' dir='ltr'>sequendam</span> <span class='ocrx_word' id='word_1_296' title='bbox 1291 2663 1673 2734; x_wconf 86' lang='lat' dir='ltr'>Apostolicam</span> <span class='ocrx_word' id='word_1_297' title='bbox 1712 2662 1915 2716; x_wconf 84' lang='lat' dir='ltr'>Sedem</span> <span class='ocrx_word' id='word_1_298' title='bbox 1956 2662 2096 2728; x_wconf 77' lang='lat' dir='ltr'>(velz</span> <span class='ocrx_word' id='word_1_299' title='bbox 2140 2662 2482 2714; x_wconf 87' lang='lat' dir='ltr'>consentien-</span> 
     </span>
     <span class='ocr_line' id='line_1_31' title="bbox 205 2746 2483 2821; baseline -0.001 -19"><span class='ocrx_word' id='word_1_300' title='bbox 205 2750 334 2802; x_wconf 86' lang='lat' dir='ltr'>dum</span> <span class='ocrx_word' id='word_1_301' title='bbox 376 2751 736 2821; x_wconf 85' lang='lat' dir='ltr'>Apostolicae</span> <span class='ocrx_word' id='word_1_302' title='bbox 780 2750 963 2817; x_wconf 79' lang='lat' dir='ltr'>Sedi),</span> <span class='ocrx_word' id='word_1_303' title='bbox 1016 2751 1071 2802; x_wconf 92' lang='lat' dir='ltr'>in</span> <span class='ocrx_word' id='word_1_304' title='bbox 1114 2768 1222 2820; x_wconf 88' lang='lat' dir='ltr'>qua</span> <span class='ocrx_word' id='word_1_305' title='bbox 1264 2755 1346 2803; x_wconf 91' lang='lat' dir='ltr'>est</span> <span class='ocrx_word' id='word_1_306' title='bbox 1399 2750 1618 2818; x_wconf 82' lang='lat' dir='ltr'>integra</span> <span class='ocrx_word' id='word_1_307' title='bbox 1659 2755 1714 2802; x_wconf 90' lang='lat' dir='ltr'>et</span> <span class='ocrx_word' id='word_1_308' title='bbox 1755 2767 1929 2801; x_wconf 89' lang='lat' dir='ltr'>verax</span> <span class='ocrx_word' id='word_1_309' title='bbox 1986 2747 2319 2801; x_wconf 87' lang='lat' dir='ltr'>christianae</span> <span class='ocrx_word' id='word_1_310' title='bbox 2359 2746 2483 2800; x_wconf 90' lang='lat' dir='ltr'>reli-</span> 
     </span>
     <span class='ocr_line' id='line_1_32' title="bbox 204 2836 712 2904; baseline 0.006 -17"><span class='ocrx_word' id='word_1_311' title='bbox 204 2836 384 2904; x_wconf 87' lang='lat' dir='ltr'>gionis</span> <span class='ocrx_word' id='word_1_312' title='bbox 425 2837 712 2891; x_wconf 75' lang='lat' dir='ltr'>soliditaS.‘</span> 
     </span>
    </p>

    <p class='ocr_par' dir='ltr' id='par_1_7' title="bbox 205 2918 2489 3419">
     <span class='ocr_line' id='line_1_33' title="bbox 356 2918 2486 2992; baseline -0.001 -20"><span class='ocrx_word' id='word_1_313' title='bbox 356 2921 464 2989; x_wconf 83' lang='lat' dir='ltr'>„IL</span> <span class='ocrx_word' id='word_1_314' title='bbox 508 2922 579 2974; x_wconf 76' lang='lat' dir='ltr'>Vi</span> <span class='ocrx_word' id='word_1_315' title='bbox 624 2930 813 2975; x_wconf 88' lang='lat' dir='ltr'>carent</span> <span class='ocrx_word' id='word_1_316' title='bbox 855 2922 1215 2992; x_wconf 78' lang='lat' dir='ltr'>exceptiones</span> <span class='ocrx_word' id='word_1_317' title='bbox 1254 2922 1551 2974; x_wconf 72' lang='lat' dir='ltr'>historicae:</span> <span class='ocrx_word' id='word_1_318' title='bbox 1592 2938 1655 2973; x_wconf 88' lang='lat' dir='ltr'>ac</span> <span class='ocrx_word' id='word_1_319' title='bbox 1697 2921 1741 2973; x_wconf 90' lang='lat' dir='ltr'>si</span> <span class='ocrx_word' id='word_1_320' title='bbox 1781 2920 2043 2972; x_wconf 91' lang='lat' dir='ltr'>nimirum</span> <span class='ocrx_word' id='word_1_321' title='bbox 2085 2918 2389 2971; x_wconf 90' lang='lat' dir='ltr'>adductum</span> <span class='ocrx_word' id='word_1_322' title='bbox 2430 2918 2486 2970; x_wconf 89' lang='lat' dir='ltr'>in</span> 
     </span>
     <span class='ocr_line' id='line_1_34' title="bbox 205 3002 2486 3078; baseline -0.001 -20"><span class='ocrx_word' id='word_1_323' title='bbox 205 3007 487 3061; x_wconf 67' lang='lat' dir='ltr'>schemate</span> <span class='ocrx_word' id='word_1_324' title='bbox 531 3026 602 3061; x_wconf 89' lang='lat' dir='ltr'>ex</span> <span class='ocrx_word' id='word_1_325' title='bbox 644 3008 1010 3078; x_wconf 86' lang='lat' dir='ltr'>Lugdunensi</span> <span class='ocrx_word' id='word_1_326' title='bbox 1054 3007 1128 3061; x_wconf 92' lang='lat' dir='ltr'>II.</span> <span class='ocrx_word' id='word_1_327' title='bbox 1171 3007 1419 3060; x_wconf 93' lang='lat' dir='ltr'>Concilio</span> <span class='ocrx_word' id='word_1_328' title='bbox 1472 3006 1602 3059; x_wconf 88' lang='lat' dir='ltr'>fidei</span> <span class='ocrx_word' id='word_1_329' title='bbox 1645 3005 2040 3058; x_wconf 90' lang='lat' dir='ltr'>documentum</span> <span class='ocrx_word' id='word_1_330' title='bbox 2091 3003 2194 3074; x_wconf 88' lang='lat' dir='ltr'>ipsi</span> <span class='ocrx_word' id='word_1_331' title='bbox 2237 3002 2486 3056; x_wconf 91' lang='lat' dir='ltr'>Concilio</span> 
     </span>
     <span class='ocr_line' id='line_1_35' title="bbox 205 3088 2487 3163; baseline -0.001 -19"><span class='ocrx_word' id='word_1_332' title='bbox 205 3092 572 3163; x_wconf 84' lang='lat' dir='ltr'>Lugdunensi</span> <span class='ocrx_word' id='word_1_333' title='bbox 627 3094 796 3146; x_wconf 90' lang='lat' dir='ltr'>tribui</span> <span class='ocrx_word' id='word_1_334' title='bbox 840 3099 1106 3163; x_wconf 87' lang='lat' dir='ltr'>nequeat,</span> <span class='ocrx_word' id='word_1_335' title='bbox 1161 3093 1290 3163; x_wconf 91' lang='lat' dir='ltr'>quia</span> <span class='ocrx_word' id='word_1_336' title='bbox 1343 3092 1528 3145; x_wconf 87' lang='lat' dir='ltr'>oblata</span> <span class='ocrx_word' id='word_1_337' title='bbox 1570 3111 1602 3145; x_wconf 92' lang='lat' dir='ltr'>a</span> <span class='ocrx_word' id='word_1_338' title='bbox 1644 3092 1917 3145; x_wconf 80' lang='lat' dir='ltr'>Michaele</span> <span class='ocrx_word' id='word_1_339' title='bbox 1960 3090 2301 3160; x_wconf 90' lang='lat' dir='ltr'>Palaeologo</span> <span class='ocrx_word' id='word_1_340' title='bbox 2358 3088 2487 3143; x_wconf 88' lang='lat' dir='ltr'>fidei</span> 
     </span>
     <span class='ocr_line' id='line_1_36' title="bbox 205 3174 2489 3249; baseline -0.002 -19"><span class='ocrx_word' id='word_1_341' title='bbox 205 3177 446 3231; x_wconf 86' lang='lat' dir='ltr'>formula</span> <span class='ocrx_word' id='word_1_342' title='bbox 497 3181 555 3231; x_wconf 78' lang='lat' dir='ltr'>in</span> <span class='ocrx_word' id='word_1_343' title='bbox 597 3179 844 3231; x_wconf 87' lang='lat' dir='ltr'>Concilio</span> <span class='ocrx_word' id='word_1_344' title='bbox 903 3179 1007 3231; x_wconf 88' lang='lat' dir='ltr'>fuit</span> <span class='ocrx_word' id='word_1_345' title='bbox 1061 3179 1284 3249; x_wconf 91' lang='lat' dir='ltr'>quidem</span> <span class='ocrx_word' id='word_1_346' title='bbox 1337 3179 1490 3246; x_wconf 79' lang='lat' dir='ltr'>lecta,</span> <span class='ocrx_word' id='word_1_347' title='bbox 1549 3177 1646 3231; x_wconf 91' lang='lat' dir='ltr'>sed</span> <span class='ocrx_word' id='word_1_348' title='bbox 1703 3176 1994 3247; x_wconf 74' lang='lat' dir='ltr'>approbata</span> <span class='ocrx_word' id='word_1_349' title='bbox 2052 3193 2163 3228; x_wconf 90' lang='lat' dir='ltr'>non</span> <span class='ocrx_word' id='word_1_350' title='bbox 2216 3174 2416 3227; x_wconf 90' lang='lat' dir='ltr'>dicitur</span> <span class='ocrx_word' id='word_1_351' title='bbox 2455 3191 2489 3226; x_wconf 84' lang='grc' dir='ltr'><em>α</em></span> 
     </span>
     <span class='ocr_line' id='line_1_37' title="bbox 207 3259 2487 3335; baseline -0.002 -19"><span class='ocrx_word' id='word_1_352' title='bbox 207 3262 472 3317; x_wconf 87' lang='lat' dir='ltr'>Concilio.</span> <span class='ocrx_word' id='word_1_353' title='bbox 551 3264 851 3328; x_wconf 73' lang='lat' dir='ltr'>Enimvero</span> <span class='ocrx_word' id='word_1_354' title='bbox 907 3264 1032 3316; x_wconf 91' lang='lat' dir='ltr'>talis</span> <span class='ocrx_word' id='word_1_355' title='bbox 1085 3265 1344 3335; x_wconf 78' lang='lat' dir='ltr'>exceptio</span> <span class='ocrx_word' id='word_1_356' title='bbox 1397 3264 1462 3315; x_wconf 92' lang='lat' dir='ltr'>iis</span> <span class='ocrx_word' id='word_1_357' title='bbox 1502 3269 1692 3333; x_wconf 89' lang='lat' dir='ltr'>aperte</span> <span class='ocrx_word' id='word_1_358' title='bbox 1746 3261 2096 3328; x_wconf 78' lang='lat' dir='ltr'>excluditur,</span> <span class='ocrx_word' id='word_1_359' title='bbox 2154 3278 2296 3331; x_wconf 90' lang='lat' dir='ltr'>quae</span> <span class='ocrx_word' id='word_1_360' title='bbox 2338 3259 2487 3330; x_wconf 90' lang='lat' dir='ltr'>apud</span> 
     </span>
     <span class='ocr_line' id='line_1_38' title="bbox 207 3346 2486 3419; baseline -0.001 -19"><span class='ocrx_word' id='word_1_361' title='bbox 207 3347 541 3402; x_wconf 84' lang='lat' dir='ltr'>Labbeum2</span> <span class='ocrx_word' id='word_1_362' title='bbox 584 3349 651 3402; x_wconf 91' lang='lat' dir='ltr'>de</span> <span class='ocrx_word' id='word_1_363' title='bbox 694 3350 830 3402; x_wconf 86' lang='lat' dir='ltr'>actis</span> <span class='ocrx_word' id='word_1_364' title='bbox 870 3350 926 3401; x_wconf 90' lang='lat' dir='ltr'>in</span> <span class='ocrx_word' id='word_1_365' title='bbox 969 3349 1219 3402; x_wconf 90' lang='lat' dir='ltr'>Concilio</span> <span class='ocrx_word' id='word_1_366' title='bbox 1263 3348 1632 3419; x_wconf 88' lang='lat' dir='ltr'>Lugdunensi</span> <span class='ocrx_word' id='word_1_367' title='bbox 1673 3348 1747 3401; x_wconf 91' lang='lat' dir='ltr'>II.</span> <span class='ocrx_word' id='word_1_368' title='bbox 1790 3347 2123 3401; x_wconf 86' lang='lat' dir='ltr'>referuntur.</span> <span class='ocrx_word' id='word_1_369' title='bbox 2182 3346 2486 3399; x_wconf 90' lang='lat' dir='ltr'>Nimirum:</span> 
     </span>
    </p>

    <p class='ocr_par' dir='ltr' id='par_1_8' title="bbox 209 3430 2488 3591">
     <span class='ocr_line' id='line_1_39' title="bbox 361 3430 2488 3501; baseline -0.003 -14"><span class='ocrx_word' id='word_1_370' title='bbox 361 3437 442 3501; x_wconf 92' lang='lat'>„1.</span> <span class='ocrx_word' id='word_1_371' title='bbox 485 3435 718 3487; x_wconf 92' lang='lat' dir='ltr'>alteram</span> <span class='ocrx_word' id='word_1_372' title='bbox 758 3435 1045 3487; x_wconf 88' lang='lat' dir='ltr'>convocati</span> <span class='ocrx_word' id='word_1_373' title='bbox 1088 3434 1250 3486; x_wconf 91' lang='lat' dir='ltr'>huius</span> <span class='ocrx_word' id='word_1_374' title='bbox 1286 3433 1521 3487; x_wconf 90' lang='lat' dir='ltr'>Concilii</span> <span class='ocrx_word' id='word_1_375' title='bbox 1563 3450 1813 3499; x_wconf 91' lang='lat' dir='ltr'>causam,</span> <span class='ocrx_word' id='word_1_376' title='bbox 1865 3450 1897 3485; x_wconf 93' lang='lat' dir='ltr'>a</span> <span class='ocrx_word' id='word_1_377' title='bbox 1935 3430 2208 3484; x_wconf 90' lang='lat' dir='ltr'>Pontifice</span> <span class='ocrx_word' id='word_1_378' title='bbox 2259 3431 2316 3482; x_wconf 90' lang='lat' dir='ltr'>in</span> <span class='ocrx_word' id='word_1_379' title='bbox 2355 3430 2488 3501; x_wconf 84' lang='lat' dir='ltr'>ipsis</span> 
     </span>
     <span class='ocr_line' id='line_1_40' title="bbox 209 3517 2386 3591; baseline -0.002 -19"><span class='ocrx_word' id='word_1_380' title='bbox 209 3521 621 3574; x_wconf 80' lang='lat' dir='ltr'>convocationis</span> <span class='ocrx_word' id='word_1_381' title='bbox 662 3521 838 3573; x_wconf 87' lang='lat' dir='ltr'>literis</span> <span class='ocrx_word' id='word_1_382' title='bbox 881 3520 1085 3573; x_wconf 88' lang='lat' dir='ltr'>diserte</span> <span class='ocrx_word' id='word_1_383' title='bbox 1129 3520 1459 3591; x_wconf 87' lang='lat' dir='ltr'>expositam,</span> <span class='ocrx_word' id='word_1_384' title='bbox 1502 3518 1670 3571; x_wconf 87' lang='lat' dir='ltr'>fuisse</span> <span class='ocrx_word' id='word_1_385' title='bbox 1714 3517 2055 3570; x_wconf 84' lang='lat' dir='ltr'>Graecorum</span> <span class='ocrx_word' id='word_1_386' title='bbox 2096 3517 2386 3582; x_wconf 75' lang='lat' dir='ltr'>unionem,</span> 
     </span>
    </p>

    <p class='ocr_par' dir='ltr' id='par_1_9' title="bbox 208 3602 2487 3763">
     <span class='ocr_line' id='line_1_41' title="bbox 362 3602 2487 3677; baseline -0.002 -18"><span class='ocrx_word' id='word_1_387' title='bbox 362 3610 444 3673; x_wconf 78' lang='lat'>„2.</span> <span class='ocrx_word' id='word_1_388' title='bbox 485 3608 540 3659; x_wconf 90' lang='lat' dir='ltr'>in</span> <span class='ocrx_word' id='word_1_389' title='bbox 584 3612 780 3677; x_wconf 89' lang='lat' dir='ltr'>quarta</span> <span class='ocrx_word' id='word_1_390' title='bbox 821 3602 1054 3660; x_wconf 87' lang='lat' dir='ltr'>solemni</span> <span class='ocrx_word' id='word_1_391' title='bbox 1084 3606 1319 3659; x_wconf 92' lang='lat' dir='ltr'>Concilii</span> <span class='ocrx_word' id='word_1_392' title='bbox 1347 3606 1626 3675; x_wconf 89' lang='lat' dir='ltr'>generalis</span> <span class='ocrx_word' id='word_1_393' title='bbox 1656 3605 1898 3657; x_wconf 88' lang='lat' dir='ltr'>sessione</span> <span class='ocrx_word' id='word_1_394' title='bbox 1928 3604 2071 3656; x_wconf 91' lang='lat' dir='ltr'>hanc</span> <span class='ocrx_word' id='word_1_395' title='bbox 2111 3604 2289 3674; x_wconf 86' lang='lat' dir='ltr'>ipsam</span> <span class='ocrx_word' id='word_1_396' title='bbox 2329 3602 2487 3655; x_wconf 90' lang='lat' dir='ltr'>unio-</span> 
     </span>
     <span class='ocr_line' id='line_1_42' title="bbox 208 3688 2485 3763; baseline -0.002 -20"><span class='ocrx_word' id='word_1_397' title='bbox 208 3709 335 3744; x_wconf 85' lang='lat' dir='ltr'>nem</span> <span class='ocrx_word' id='word_1_398' title='bbox 389 3694 440 3744; x_wconf 70' lang='grc' dir='ltr'>υἱ</span> <span class='ocrx_word' id='word_1_399' title='bbox 496 3692 626 3745; x_wconf 87' lang='lat' dir='ltr'>fidei</span> <span class='ocrx_word' id='word_1_400' title='bbox 683 3692 953 3745; x_wconf 86' lang='lat' dir='ltr'>formulae</span> <span class='ocrx_word' id='word_1_401' title='bbox 1008 3691 1229 3763; x_wconf 88' lang='lat' dir='ltr'>publice</span> <span class='ocrx_word' id='word_1_402' title='bbox 1287 3691 1464 3743; x_wconf 91' lang='lat' dir='ltr'>lectae</span> <span class='ocrx_word' id='word_1_403' title='bbox 1526 3697 1691 3760; x_wconf 88' lang='lat' dir='ltr'>atque</span> <span class='ocrx_word' id='word_1_404' title='bbox 1746 3688 2034 3755; x_wconf 88' lang='lat' dir='ltr'>Pontifici,</span> <span class='ocrx_word' id='word_1_405' title='bbox 2101 3688 2272 3759; x_wconf 90' lang='lat' dir='ltr'>ipsius</span> <span class='ocrx_word' id='word_1_406' title='bbox 2326 3704 2485 3740; x_wconf 88' lang='lat' dir='ltr'>oecu-</span> 
     </span>
    </p>
   </div>
   <div class='ocr_carea' id='block_1_3' title="bbox 359 3875 2018 4017">
    <p class='ocr_par' dir='ltr' id='par_1_10' title="bbox 359 3875 2018 4017">
     <span class='ocr_line' id='line_1_43' title="bbox 364 3875 2018 3941; baseline -0.002 -16"><span class='ocrx_word' id='word_1_407' title='bbox 364 3879 377 3903; x_wconf 90' lang='lat'><strong>¹</strong></span> <span class='ocrx_word' id='word_1_408' title='bbox 417 3879 477 3925; x_wconf 91' lang='lat' dir='ltr'>In</span> <span class='ocrx_word' id='word_1_409' title='bbox 517 3880 686 3941; x_wconf 89' lang='lat' dir='ltr'>capite</span> <span class='ocrx_word' id='word_1_410' title='bbox 724 3879 977 3939; x_wconf 87' lang='lat' dir='ltr'>addendo,</span> <span class='ocrx_word' id='word_1_411' title='bbox 1014 3883 1073 3926; x_wconf 91' lang='lat' dir='ltr'>ut</span> <span class='ocrx_word' id='word_1_412' title='bbox 1110 3879 1272 3941; x_wconf 89' lang='lat' dir='ltr'>primo</span> <span class='ocrx_word' id='word_1_413' title='bbox 1311 3879 1427 3926; x_wconf 87' lang='lat' dir='ltr'>fuit.</span> <span class='ocrx_word' id='word_1_414' title='bbox 1498 3877 1561 3924; x_wconf 81' lang='lat' dir='ltr'>V.</span> <span class='ocrx_word' id='word_1_415' title='bbox 1600 3876 1655 3925; x_wconf 88' lang='lat' dir='ltr'>C.</span> <span class='ocrx_word' id='word_1_416' title='bbox 1688 3875 1750 3923; x_wconf 74' lang='lat' dir='ltr'>V.</span> <span class='ocrx_word' id='word_1_417' title='bbox 1789 3877 1885 3923; x_wconf 80' lang='lat'>642</span> <span class='ocrx_word' id='word_1_418' title='bbox 1901 3891 1947 3924; x_wconf 89' lang='lat' dir='ltr'>a.</span> <span class='ocrx_word' id='word_1_419' title='bbox 1974 3877 2018 3924; x_wconf 90' lang='lat' dir='ltr'>b.</span> 
     </span>
     <span class='ocr_line' id='line_1_44' title="bbox 359 3955 1649 4017; baseline -0.002 -14"><span class='ocrx_word' id='word_1_420' title='bbox 359 3955 375 3982; x_wconf 81' lang='lat'><strong>²</strong></span> <span class='ocrx_word' id='word_1_421' title='bbox 416 3956 611 4004; x_wconf 88' lang='lat' dir='ltr'>Concil.</span> <span class='ocrx_word' id='word_1_422' title='bbox 651 3956 866 4004; x_wconf 88' lang='lat' dir='ltr'>Collect.</span> <span class='ocrx_word' id='word_1_423' title='bbox 905 3961 1028 4004; x_wconf 90' lang='lat' dir='ltr'>tom.</span> <span class='ocrx_word' id='word_1_424' title='bbox 1067 3956 1214 4003; x_wconf 76' lang='lat' dir='ltr'>XIV.</span> <span class='ocrx_word' id='word_1_425' title='bbox 1252 3955 1367 4004; x_wconf 88' lang='lat' dir='ltr'>coll.</span> <span class='ocrx_word' id='word_1_426' title='bbox 1404 3956 1501 4002; x_wconf 81' lang='lat'>502</span> <span class='ocrx_word' id='word_1_427' title='bbox 1540 3969 1649 4017; x_wconf 85' lang='lat' dir='ltr'>sqq.</span> 
     </span>
    </p>
   </div>
  </div>
 </body>
</html>
