2548 4290
594 209 832 250 Discussio
864 206 1077 260 specialis
1108 208 1155 247 in
1189 203 1349 257 Congr.
1382 216 1481 257 gen.
1538 202 1645 256 Cap.
1681 203 1763 243 ΠΙ.
2227 201 2294 251 23

222 353 400 414 Quum
427 351 645 422 quidam
671 350 942 413 timerent,
983 365 1052 400 ne
1080 363 1214 399 voce
1257 346 1515 398 ordinarii
1544 344 1843 412 magisterii
1872 341 2125 394 Summus
2151 341 2296 393 Pon-

77 436 213 489 tifex
237 434 625 505 intelligendus
661 435 818 497 esset,
860 436 1022 500 atque
1062 430 1176 482 eius
1211 428 1571 480 infallibilitas
1608 427 1961 493 indicaretur,
2004 425 2297 477 substituta

78 524 160 573 est
197 519 407 589 phrasis
452 515 753 585 „ordinario
796 518 850 566 et
887 512 1181 565 universali
1221 511 1566 580 magisterio“
1593 510 1626 562 1.

221 601 395 654 Maior
443 599 708 669 quaedam
759 596 1051 648 difficultas
1102 600 1220 648 orta
1273 599 1355 646 est
1407 594 1547 646 circa
1597 593 1819 645 canonis
1871 593 2045 661 quinti
2085 596 2296 662 partem

76 685 328 753 priorem.
403 682 536 735 Erat
584 681 640 732 in
691 680 966 732 schemate
1018 679 1293 748 proposito
1346 678 1508 730 haec:
1569 676 1655 742 „S.
1708 693 1758 744 q.
1811 675 1892 740 d.,
1944 675 2135 741 fidem,
2192 692 2298 743 qua

75 766 364 821 Christiani
416 764 767 833 evangelicae
818 762 1213 831 praedicationi
1264 761 1639 826 consentiunt,
1693 777 1801 811 non
1852 776 1969 811 esse
2021 759 2124 810 nisi
2177 775 2297 826 per-

76 851 376 903 suasionem
430 847 747 900 necessariis
801 846 1058 898 scientiae
1114 846 1381 897 humanae
1442 843 1774 912 argumentis
1828 841 2105 893 inductam
2159 881 2169 892 .
2213 881 2224 892 .
2267 880 2296 901 .,

77 950 124 985 a.
163 933 235 984 s.“
259 930 280 963 ²
329 930 411 984 Ea
451 929 916 983 condemnabatur
954 929 1226 981 sententia
1265 926 1596 980 Hermesii3.
1654 925 2090 978 Offendebantur
2131 924 2297 992 aliqui

73 1016 240 1069 verbo
285 1014 686 1081 „necessariis“,
727 1031 837 1066 non
877 1013 1050 1065 solum
1090 1013 1143 1080 ii,
1174 1012 1266 1081 qui
1304 1012 1531 1081 scriptas
1569 1008 2020 1062 emendationes‘*
2059 1007 2298 1059 tradide-

72 1103 225 1163 runt,
278 1097 374 1150 sed
415 1098 578 1149 etiam
618 1098 708 1150 alii
728 1097 763 1149 ⁵.
843 1096 1023 1157 Quare
1064 1100 1190 1147 ante
1230 1096 1402 1164 ipsam
1443 1093 1942 1162 Congregationem
1983 1090 2298 1160 generalem

74 1180 543 1251 quadragesimam
583 1179 815 1244 tertiam,
855 1180 911 1230 in
952 1196 1058 1247 qua
1098 1178 1164 1230 de
1206 1178 1311 1229 illis
1340 1177 1811 1229 emendationibus
1852 1175 2126 1245 agendum
2168 1181 2298 1237 erat,

75 1265 356 1334 deputatio
386 1263 451 1314 de
479 1262 586 1313 fide
614 1261 903 1314 formulam
931 1262 1150 1313 canonis
1179 1266 1440 1312 mutatam
1469 1260 1724 1312 Patribus
1766 1260 2002 1323 miserat,
2046 1276 2152 1327 qua
2190 1274 2298 1309 vox

78 1346 457 1412 „necessariis“
515 1346 910 1413 explicaretur,
962 1362 1033 1397 sc.
1075 1346 1243 1396 hanc:
1304 1345 1390 1410 „S.
1434 1363 1482 1413 q.
1524 1345 1601 1410 d.,
1652 1361 1932 1396 assensum
1981 1342 2107 1394 fidei
2162 1340 2299 1393 chri-

70 1431 276 1482 stianae
317 1447 425 1481 non
466 1447 580 1481 esse
621 1429 871 1493 liberum,
913 1428 1006 1480 sed
1046 1428 1365 1480 necessariis
1404 1427 1675 1479 humanae
1709 1427 1933 1478 rationis
1963 1426 2300 1494 argumentis

70 1513 298 1584 produci
327 1553 339 1566 .
368 1553 378 1564 .
410 1552 439 1578 .,
481 1530 526 1565 a.
556 1514 628 1563 s.“
650 1512 669 1542 ὅ
721 1512 787 1564 In
813 1518 942 1564 nota
969 1512 1235 1564 formulae
1272 1510 1483 1563 adiecta
1512 1511 1704 1563 Patres
1746 1511 2021 1580 deputati:
2069 1509 2146 1576 „E
2176 1526 2299 1561 con-

70 1602 226 1650 textu
264 1596 556 1649 verborum
596 1597 703 1648 iam
744 1597 907 1648 etiam
947 1597 1227 1666 apparet,“
1271 1596 1550 1665 inquiunt,
1613 1596 1953 1660 „necessaria
1992 1593 2098 1645 dici
2139 1610 2300 1661 argu-

72 1686 271 1747 menta,
313 1697 450 1749 quae
490 1680 598 1730 vim
636 1679 939 1731 intellectui
979 1680 1221 1731 inferunt
1261 1685 1314 1731 et
1353 1679 1422 1731 ad
1462 1697 1740 1731 assensum
1782 1680 2033 1748 cogunt.“
2093 1675 2301 1728 Addit⁷

72 1763 378 1833 Episcopus
405 1762 888 1828 PaderbornensiS,
931 1762 1299 1831 deputationis
1327 1763 1382 1815 in
1412 1763 1854 1831 Congregatione
1888 1760 2135 1831 generali
2163 1759 2301 1811 rela-

71 1851 184 1899 tor:
229 1847 419 1912 „Nunc
448 1845 628 1911 credo,
667 1845 789 1896 Rffli
817 1846 1025 1912 PatreS,
1068 1846 1277 1897 nullum
1305 1864 1462 1915 posse
1492 1846 1724 1911 offendi,
1764 1863 1890 1897 nam
1928 1862 2071 1896 nunc
2111 1860 2301 1895 sensus

75 1937 156 1982 est
207 1930 568 1995 clarissimuS,
633 1929 899 1998 siquidem
952 1931 1259 1982 necessarias
1311 1935 1391 1982 est
1439 1947 1584 1993 VOX,
1650 1947 1756 1998 qua
1810 1929 2132 1981 Hermesius
2184 1927 2299 1995 ipse

76 2013 263 2065 utitur.
339 2012 452 2064 Nos
502 2014 557 2064 in
605 2012 795 2081 lingua
845 2013 1016 2065 latina
1065 2030 1173 2065 non
1226 2014 1488 2066 habemus
1528 2031 1747 2079 vocem,
1799 2031 1936 2083 quae
1979 2013 2163 2064 stricte
2206 2029 2300 2063 ex-

74 2097 273 2166 primat
324 2096 690 2164 germanicam
742 2113 931 2148 vocem
982 2096 1312 2164 notlciyenden
1364 2096 1641 2148 Grandem:
1696 2114 1805 2148 vox
1866 2097 2163 2148 necessitans
2219 2099 2301 2145 est

76 2178 486 2232 accommodata
527 2178 644 2245 (sed
684 2179 825 2231 male
865 2179 1086 2246 latina);
1127 2180 1307 2248 potius
1347 2180 1585 2232 dicerem
1625 2197 1812 2249 cassem,
1851 2184 2175 2248 argumenta
2214 2194 2300 2229 co-

74 2262 275 2331 gentia,
318 2279 454 2331 quae
495 2263 874 2314 necessitatem
912 2263 1193 2331 imponant
1221 2263 1542 2330 intellectui,
1585 2264 1670 2315 cui
1699 2281 1808 2315 non
1837 2263 2004 2332 possit
2032 2263 2300 2314 resistere.

71 2344 194 2397 Hoc
233 2345 405 2397 voluit
450 2345 758 2413 exprimere
799 2344 1118 2398 Hermesius
1158 2387 1168 2398 .
1212 2388 1223 2400 .
1265 2390 1277 2400 .
1320 2346 1525 2413 Credo,
1576 2347 1696 2398 Rffii
1738 2347 1962 2412 Patres,
2014 2347 2059 2397 si
2112 2346 2302 2412 digne-

73 2428 206 2479 mini
259 2434 541 2497 acceptare
592 2428 731 2480 hanc
781 2446 976 2481 novam
1026 2429 1345 2497 formulam,
1399 2431 1639 2482 omnium
1694 2431 2138 2483 emendationum
2179 2446 2300 2498 pro-

74 2511 373 2581 positarum
413 2512 551 2563 votis
591 2528 707 2562 esse
748 2512 1135 2564 satisfactum.“

218 2594 295 2645 At
349 2611 521 2646 canon
571 2594 673 2646 hac
724 2594 958 2648 formula
1009 2595 1316 2662 exhibitus,
1374 2615 1538 2666 quum
1590 2597 1863 2666 suffragiis
1919 2597 2299 2661 subiiceretur,

81 2695 223 2744 „non
262 2678 467 2746 placuit
506 2678 792 2744 Patribus;
849 2679 1116 2748 siquidem
1156 2680 1398 2750 perlecto
1441 2698 1472 2732 a
1510 2681 1646 2732 Rsno
1689 2680 2098 2733 Subsecretario
2140 2696 2299 2731 nemo

77 2759 254 2812 eidem
306 2760 555 2812 assentiri
606 2761 751 2811 visus
806 2767 901 2814 est.
992 2762 1135 2822 Quin
1189 2763 1296 2814 imo
1352 2763 1536 2831 plures
1592 2763 1713 2816 Rffii
1765 2764 1957 2815 Patres
2011 2764 2080 2815 ad
2134 2762 2300 2813 Prac-

73 2842 218 2895 sides
271 2848 642 2909 accesserunt,
699 2844 830 2896 alias
882 2846 1100 2898 omnino
1152 2846 1411 2898 formulas
1466 2853 1832 2916 proponentes
1887 2853 1940 2898 et
1992 2846 2299 2898 suadentes

73 2925 187 2977 Alii
227 2927 373 2979 enim
414 2926 518 2978 dici
558 2927 882 2979 voluissent:
938 2930 1342 2982 necesse'tantc‘bus
1389 2930 1646 2982 humanae
1695 2932 1913 2982 rationis
1952 2931 2300 2999 aryamcntis;

73 3011 192 3063 alii:
243 3013 502 3064 humanae
539 3013 755 3063 rationis
794 3016 1109 3081 arqumentc's
1147 3015 1217 3065 ad
1255 3032 1515 3066 assensum
1555 3016 1868 3084 coyentz'bas:
1920 3015 2012 3066 alii
2053 3015 2299 3066 demum:

71 3094 329 3147 humanae
365 3096 580 3147 rationis
618 3098 930 3163 arqumentz's
968 3099 1244 3149 necessario
1279 3098 1512 3166 produci.
1567 3098 1913 3168 Quapropter
1952 3098 2098 3150 Efflis
2133 3097 2300 3148 Prae-

73 3177 277 3230 sidibus
318 3178 495 3248 quoad
534 3178 843 3230 huiusmodi
885 3196 1148 3233 canonem
1189 3187 1243 3233 et
1282 3182 1535 3234 relativas
1577 3182 1985 3234 emendationes
2040 3182 2301 3249 suffragia

74 3261 405 3329 suspendere
457 3262 630 3313 visum
682 3268 791 3328 est,
843 3268 897 3314 et
946 3262 1083 3315 Rffio
1132 3263 1404 3333 Episcopo
1458 3264 1897 3317 Paderbornensi
1953 3265 2298 3329 mandarunt,

74 3347 134 3393 ut
172 3343 364 3396 Patres
418 3344 519 3396 hoc
570 3362 731 3396 sensu
782 3345 1153 3415 alloqueretur
1192 3349 1410 3400 nomine
1454 3348 1852 3417 deputationis“
1882 3348 1918 3400 S.
1997 3349 2077 3414 Is,
2133 3365 2297 3416 quum

77 3425 239 3477 etiam
293 3444 349 3478 se
404 3427 652 3479 dubitare
712 3427 965 3495 dixisset,
1023 3435 1233 3483 essetne
1288 3430 1650 3500 praeferenda
1707 3450 1812 3484 vox
1867 3431 2299 3483 ozecessitcmtzhus:

224 3627 235 3653 ¹
272 3626 336 3673 V.
371 3627 502 3676 infra
526 3630 576 3677 in
603 3646 710 3693 cap.
737 3632 834 3679 III.
872 3633 1252 3681 annotationem
1288 3635 1398 3683 loco
1434 3637 1531 3698 ipsi
1567 3638 1833 3686 adiectam.
1949 3638 1965 3664 ²
2002 3638 2056 3686 O.
2082 3638 2143 3686 V.
2173 3640 2297 3686 7712.

220 3701 235 3729 ³
272 3704 397 3750 Eam
433 3707 714 3766 expositam
739 3725 784 3756 v.
817 3710 951 3756 infra
984 3710 1036 3756 in
1062 3725 1170 3771 cap.
1195 3711 1293 3759 III.
1329 3713 1380 3759 in
1416 3718 1645 3761 annotat.
1673 3714 2042 3762 Constitutioni
2068 3716 2297 3763 adiectis,

220 3777 239 3803 4
276 3779 666 3829 Emendationes
703 3788 799 3831 etc.
869 3783 922 3832 O.
960 3785 1020 3833 V.
1062 3787 1197 3833 164b
1236 3802 1309 3848 sq.
1490 3788 1505 3815 ⁵
1541 3789 1742 3837 Relatio
1780 3794 1875 3838 etc.
1946 3790 2000 3839 C.
2038 3790 2099 3837 V.
2141 3793 2296 3840 188b.

221 3852 237 3879 ⁶
275 3853 327 3900 O.
364 3854 426 3901 V.
467 3856 617 3903 1651).
690 3857 765 3905 Cf.
802 3859 1004 3906 Relatio
1042 3864 1137 3909 etc.
1208 3861 1265 3909 O.
1300 3862 1361 3909 V.
1403 3865 1555 3912 1881).

223 3928 237 3953 ⁷
272 3929 469 3977 Relatio
508 3935 604 3979 etc.
674 3932 728 3981 O.
764 3934 824 3982 V.
866 3936 955 3981 188
972 3951 1011 3982 c.
1040 3937 1084 3983 d.
1264 3936 1279 3964 ⁸
1318 3940 1446 3988 lbid.
1484 3939 1537 3988 O.
1576 3941 1635 3987 V.
1677 3942 1829 3988 191b.
