2548 4290
203 109 307 161 100
413 112 527 153 Pars
559 111 595 153 1.
653 111 807 154 Const.
842 111 897 153 de
929 112 1031 154 fide.
1096 112 1208 168 Cap.
1240 113 1324 155 ΙΙΙ.
1370 114 1480 169 Ipsa
1511 113 1706 157 Constit.
1741 128 1844 157 cum
1876 115 2269 160 adnotationibus.

347 259 395 312 2.
440 257 497 310 Si
538 257 658 327 quis
699 257 921 325 dixerit,
965 256 1283 328 disciplinas
1312 258 1580 312 humanas
1607 277 1674 313 ea
1701 277 1826 313 cum
1866 259 2125 332 libertate
2153 262 2476 316 tractandas

198 358 344 408 esse,
385 346 446 393 ut
486 358 676 394 earum
717 342 1077 410 assertiones,
1121 343 1223 395 etsi
1265 342 1550 397 doctrinae
1590 344 1873 398 revelatae
1915 345 2308 414 adversentur,
2351 351 2476 400 tan·

198 444 361 496 quam
390 443 554 479 verae
583 427 828 494 retineri,
856 445 1038 499 neque
1067 427 1135 481 ab
1164 427 1419 481 Ecclesia
1448 428 1717 499 proscribi
1745 430 1958 500 possint
1979 430 2025 499 ¹3
2057 431 2356 485 anathema
2383 431 2472 486 sit.

345 513 393 564 3.
437 511 493 564 Si
535 512 655 582 quis
697 512 929 579 dixerit,
981 513 1100 567 fieri
1141 531 1330 584 posse,
1372 519 1433 567 ut
1475 514 1825 585 dogmatibus
1865 516 1934 569 ab
1975 516 2228 570 Ecclesia
2266 535 2472 589 propo-⁴

196 596 340 663 sitis,
393 597 694 668 aliquando
737 599 1040 652 secundum
1082 617 1437 670 progressum
1480 601 1746 655 scientiae
1799 620 1992 656 sensus
2032 602 2361 657 tribuendus
2402 604 2478 657 sit.

194 682 354 784 alius
376 682 445 735 ab
488 701 571 750 e0,
585 701 777 786 quem
819 684 1101 737 intellexit
1142 690 1199 738 et
1238 685 1506 756 intelligit
1544 685 1865 754 Ecclesia23
1908 688 2206 742 anathema
2246 690 2333 743 sit.

346 824 361 851 ¹
399 783 568 874 Etiam
606 827 705 874 huc
744 832 1006 891 spectant,
1057 844 1189 891 quae
1229 845 1386 891 supra
1425 829 1492 892 (p.
1531 831 1610 878 91.
1647 834 1773 879 nota
1813 828 1877 889 1.)
1927 832 1992 880 ad
2029 836 2186 896 caput
2226 837 2472 905 quartum

195 903 572 953 adnotavimus.
612 932 671 938 —
712 906 963 969 Theologi
1011 907 1077 955 ad
1123 906 1294 955 locum
1343 908 1744 971 respondentem
1793 909 2071 958 schematis
2123 911 2185 960 de
2236 902 2476 961 doctrina?

195 982 452 1030 catholica
499 983 728 1032 afferunt
774 984 943 1032 locum
993 1001 1057 1032 ex
1104 984 1269 1033 literis
1305 984 1383 1033 Pii
1420 986 1514 1035 IX.
1552 987 1618 1035 ad
1655 986 1899 1050 Archiep.
1931 988 2169 1038 Monach.
2209 989 2310 1050 (11.
2347 991 2473 1040 Dec.

198 1059 363 1122 1862),
402 1076 503 1123 quo
542 1062 778 1111 doctrina
815 1063 1072 1112 catholica
1108 1064 1273 1111 errori
1309 1065 1548 1127 opposita
1586 1064 1892 1129 explicatur.
1943 1066 2021 1127 (O.
2056 1065 2120 1116 V.
2155 1068 2297 1116 535b
2336 1068 2478 1132 sqq.)

194 1138 410 1186 Addunt
445 1139 498 1187 in
534 1138 655 1188 fine:
713 1139 985 1202 „Ceterum
1027 1141 1196 1204 quoad
1235 1157 1342 1189 rem
1380 1142 1543 1205 ipsam
1581 1142 1664 1191 hic
1702 1158 1848 1191 error
1883 1145 2107 1193 recentis
2143 1146 2330 1195 aetatis
2365 1162 2471 1195 non

195 1216 369 1265 differt
406 1218 469 1266 ab
509 1233 586 1279 ec,
626 1219 713 1281 qui
752 1219 959 1267 saeculo
985 1218 1101 1268 XV.
1139 1222 1191 1268 et
1226 1219 1371 1269 XVI.
1408 1220 1654 1269 inductus
1681 1237 1711 1269 a
1737 1222 2046 1283 quibusdam
2071 1223 2392 1287 philosophis
2417 1225 2469 1273 in

194 1293 423 1343 Concilio
450 1296 792 1345 Lateranensi
816 1297 880 1346 V.
919 1298 1193 1346 damnatus
1230 1302 1326 1347 est.
1373 1299 1694 1349 Asserebant
1731 1300 1865 1348 enim
1904 1305 1956 1350 et
1991 1301 2066 1349 illi
2090 1302 2467 1366 philosophiam

193 1377 524 1422 autonomam
579 1378 630 1422 et
676 1376 882 1423 omnino
920 1376 1352 1439 independentem
1400 1393 1431 1425 a
1476 1377 1743 1440 quibusvis
1790 1379 1985 1427 normis
2036 1395 2097 1428 ac
2131 1379 2334 1443 legibus
2371 1381 2471 1431 sibi

194 1453 526 1513 extrinsecis,
564 1455 997 1516 quemadmodum
1034 1458 1215 1503 nostra
1250 1459 1422 1506 aetate
1461 1456 1680 1516 dicitur,
1719 1457 2031 1518 ‚libertatem
2069 1458 2315 1508 scientiae
2353 1475 2472 1508 con·-

195 1532 377 1580 sistere
413 1532 465 1580 in
501 1533 614 1581 iure
652 1534 901 1597 sequendi
939 1534 1048 1582 sine
1095 1534 1203 1581 ullo
1241 1534 1609 1597 impedimento
1659 1535 1795 1583 solas
1831 1536 1973 1599 leges
2020 1536 2292 1598 scientiae,
2343 1537 2469 1600 quir

190 1609 400 1658 aliunde
452 1611 633 1673 quovis
686 1612 837 1659 modo
891 1611 1142 1660 limitetur
1177 1612 1260 1660 vel
1297 1611 1789 1662 circumscribatur‘.
1860 1612 2342 1676 (Frohschammer,
2390 1615 2469 1663 De·

191 1688 362 1737 libert.
400 1690 579 1738 scient.
627 1705 675 1751 p.
714 1688 816 1749 30.)
885 1690 1020 1738 Hinc
1068 1690 1223 1738 etiam
1260 1690 1583 1753 antiquiores
1619 1691 1695 1739 illi
1732 1692 2099 1754 postulabant,
2149 1696 2209 1741 ut
2246 1708 2379 1756 quae
2415 1694 2458 1741 i1

191 1767 518 1830 philosophia
555 1768 839 1816 secundum
877 1768 1139 1832 propriam
1176 1769 1287 1817 eius
1323 1769 1624 1818 methodum
1663 1773 1996 1831 statuuntur,
2033 1771 2327 1825 habeantur
2356 1771 2460 1835 plaz·-

191 1846 430 1907 Zosopleve‘ee
466 1863 615 1909 vera,
665 1846 786 1894 licet
833 1862 894 1894 ea
929 1847 1131 1908 legibus
1168 1847 1385 1895 alterius
1423 1847 1648 1909 ordinis,
1698 1848 1888 1911 quibus
1936 1849 2201 1912 theologia
2249 1851 2461 1913 regitur,

189 1925 326 1973 forte
361 1930 685 1988 repugnent,
735 1929 785 1973 et
833 1925 949 1973 ideo
999 1926 1254 1989 theoloqice
1311 1942 1427 1973 vera
1474 1940 1578 1973 non
1617 1927 1733 1975 sint.
1804 1927 1980 1990 Atque
2017 1927 2313 1976 huiusmodi
2350 1928 2462 1977 fidei

190 2008 542 2068 repugnantes
580 2004 939 2053 conclusiones
979 2005 1234 2054 docebant
1262 2005 1376 2067 ipsi,
1415 2008 1466 2053 et
1503 2005 1711 2068 impune
1750 2005 1922 2054 doceri
1959 2021 2110 2069 posse
2148 2007 2463 2069 asserebant,

190 2098 291 2131 non
345 2083 551 2145 quidem
604 2083 748 2131 velut
798 2099 949 2131 veras
998 2084 1153 2131 etiam
1208 2084 1491 2131 secundum
1529 2084 1872 2146 theologiam,
1926 2085 2016 2133 sed
2057 2084 2202 2133 velut
2237 2085 2464 2148 legitime

191 2165 568 2223 consequentes
622 2178 686 2209 ex
738 2162 1004 2224 principiis
1051 2161 1438 2225 philosophicis.
1510 2161 1654 2217 Quae
1694 2163 1900 2225 quidem
1937 2163 2131 2224 quoad
2159 2179 2266 2211 rem
2304 2164 2464 2227 ipsam

189 2240 316 2287 nihil
355 2240 494 2288 aliud
532 2240 850 2302 significant,
901 2240 1001 2287 nisi
1040 2240 1177 2303 quod
1229 2240 1355 2288 fides
1408 2241 1664 2289 catholica
1715 2256 1808 2303 pro
1859 2241 2088 2290 scientiis
2136 2242 2465 2291 naturalibus

191 2333 294 2365 non
334 2318 520 2366 debeat
556 2334 651 2365 nec
689 2318 853 2380 possit
888 2318 1069 2366 haberi
1106 2318 1250 2366 velut
1284 2333 1469 2365 norma
1492 2321 1721 2382 neyativa
1756 2319 1853 2367 hoc
1891 2334 2063 2380 sensu,
2100 2322 2157 2367 ut
2183 2321 2466 2369 sententias

192 2397 473 2445 secundum
512 2396 661 2444 fidem
700 2395 856 2444 falsas
895 2396 1051 2444 etiam
1088 2396 1141 2443 in
1178 2397 1406 2444 scientiis
1431 2397 1623 2445 habere
1645 2412 1749 2444 non
1775 2396 1929 2445 liceat
1964 2400 2212 2460 tanquam
2238 2398 2466 2461 legitime

193 2475 443 2523 deductas
482 2490 547 2522 ex
582 2474 717 2522 veris
754 2474 1046 2536 principiis,
1084 2474 1321 2537 adeoque
1356 2479 1416 2522 ut
1452 2490 1603 2523 veras
1641 2475 1925 2523 secundum
1961 2490 2170 2523 normas
2206 2476 2467 2539 genuinae

192 2553 454 2601 scientiae.
502 2552 615 2600 Hoc
653 2556 829 2600 autem
865 2553 1033 2614 ipsum
1072 2556 1163 2612 est,
1204 2553 1343 2615 quod
1379 2553 1431 2601 in
1459 2554 1719 2602 schemate
1752 2554 2040 2615 praesentis
2067 2553 2467 2604 Constitutionis

189 2631 551 2694 proscribitur,
590 2633 641 2679 et
679 2631 816 2693 quod
855 2629 1242 2679 Constitutione
1277 2631 1585 2693 ‚Apostolici
1621 2628 1845 2693 regimis‘
1881 2632 1934 2679 in
1967 2631 2308 2680 Lateranensi
2334 2631 2468 2681 Gon-

191 2710 309 2758 cilio
356 2709 495 2757 edita
542 2710 643 2757 iam
691 2709 1120 2771 praedamnatum
1169 2709 1442 2772 reperitur.
1515 2708 1662 2771 ‚Cum
1701 2726 1881 2757 verum
1930 2725 2053 2757 vero
2105 2711 2314 2759 minime
2352 2726 2470 2759 con-

191 2788 440 2849 tradicat,
490 2803 694 2835 omnem
731 2788 1072 2835 assertionem
1121 2788 1330 2836 veritati
1367 2788 1691 2836 illuminatae
1738 2787 1859 2837 fidei
1908 2789 2222 2836 contrariam
2261 2790 2468 2838 omnino

190 2866 374 2915 falsam
412 2881 523 2914 esse
563 2866 859 2927 definimus3
913 2869 963 2913 et
1000 2870 1059 2913 ut
1095 2866 1247 2914 aliter
1296 2866 1646 2928 dogmatizare
1693 2882 1796 2915 non
1832 2866 2019 2925 li'ceat,
2072 2867 2358 2915 districtius
2395 2868 2470 2916 in-

191 2945 457 3003 hibemus·,
497 2959 780 3007 omnesque
815 2944 1113 2992 huiusmodi
1150 2944 1341 2992 erroris
1367 2944 1743 2993 assertionibus
1779 2944 2109 2993 inhaerentes
2146 2944 2288 2993 velut
2326 2945 2470 2992 dam-

190 3023 486 3071 natissimas
533 3022 776 3071 haereses
826 3022 1139 3070 seminantes
1188 3038 1280 3085 per
1317 3023 1490 3070 omnia
1526 3026 1585 3071 ut
1622 3022 1957 3071 detestabiles
2010 3026 2061 3070 et
2096 3022 2471 3073 abominabiles

190 3100 481 3148 haereticos
519 3104 569 3147 et
605 3099 837 3147 infideles
875 3100 1184 3148 catholicam
1220 3099 1371 3148 fidem
1408 3101 1786 3149 labefactantes
1812 3099 2051 3148 vitandos
2089 3103 2141 3147 et
2177 3100 2471 3162 puniendos

191 3178 303 3226 fore
342 3175 697 3226 decernimus.‘
770 3177 945 3238 (Conc.
985 3177 1113 3227 Ooll.
1150 3178 1312 3226 Hard.
1350 3182 1386 3227 t.
1424 3178 1519 3226 IX.
1557 3195 1604 3241 p.
1649 3174 1841 3237 1719.)“
1908 3176 1984 3237 (O.
2022 3176 2084 3225 V.
2123 3178 2267 3225 5361]
2305 3178 2402 3242 sq.)

337 3256 353 3284 ²
391 3256 553 3304 Iidem
591 3256 819 3319 theologi
868 3257 933 3304 ad
969 3257 1576 3318 locumrespondentem
1616 3257 1893 3305 schematis
1943 3257 2005 3305 de
2054 3257 2292 3305 doctrina
2330 3258 2469 3307 cath.

193 3335 473 3383 adnotant:
504 3334 650 3396 „Huc
677 3335 955 3396 pertinent,
985 3350 1117 3397 quae
1143 3335 1292 3382 Sffius
1318 3336 1381 3384 D.
1407 3334 1471 3383 N.
1497 3336 1597 3383 iam
1626 3334 1698 3394 (in
1722 3334 1799 3382 lit.
1831 3335 1904 3382 15.
1932 3334 2069 3381 Iunii
2100 3333 2247 3394 1857)
2277 3335 2468 3384 edixit:

192 3412 431 3473 ,maxime
466 3412 862 3474 improbandum
899 3428 959 3460 ac
990 3413 1337 3461 damnandum
1365 3429 1494 3473 esse,
1534 3413 1673 3475 quod
1708 3412 1965 3459 humanae
1990 3412 2180 3460 rationi
2218 3416 2268 3460 et
2303 3412 2468 3476 philo-

193 3491 420 3553 sophiae,
460 3506 592 3553 quae
628 3490 679 3536 in
717 3489 984 3552 religionis
1020 3491 1177 3538 rebus
1203 3506 1306 3538 non
1333 3490 1586 3538 dominari
1614 3490 1703 3538 sed
1740 3489 1974 3537 ancillari
2012 3490 2218 3537 omnino
2257 3490 2464 3551 debent,

190 3568 475 3630 magisterii
511 3567 592 3615 ius
630 3571 824 3614 temere
861 3568 1206 3627 attribuatur,
1257 3584 1317 3615 ac
1353 3571 1632 3631 propterea
1669 3567 1840 3614 omnia
1877 3568 2277 3629 perturbentur,
2332 3582 2468 3630 quae

190 3646 483 3694 firmissima
518 3661 727 3693 manere
765 3645 953 3693 debent
991 3650 1100 3693 tum
1129 3645 1191 3693 de
1218 3646 1548 3694 distinctione
1585 3646 1720 3693 inter
1755 3646 2023 3693 scientiam
2061 3650 2113 3694 et
2148 3645 2316 3705 fidem,
2355 3650 2464 3693 tum
2547 3679 2548 3682 η

193 3723 251 3771 de
283 3725 490 3786 perenni
507 3724 637 3784 fidei
670 3722 1081 3784 immutabilitate,
1118 3738 1243 3785 quae
1277 3739 1380 3772 una
1416 3739 1604 3785 semper
1640 3728 1784 3785 atque
1821 3724 1986 3771 eadem
2024 3728 2116 3783 esi,
2156 3723 2273 3771 dum
2301 3722 2464 3784 philo-

191 3800 364 3863 sophia
402 3801 738 3862 humanaeque
773 3801 1064 3861 disciplinae
1098 3816 1247 3863 neque
1281 3817 1469 3862 semper
1505 3800 1600 3848 sibi
1624 3806 1862 3860 constant,
1900 3816 2050 3862 neque
2083 3806 2198 3847 sant
2233 3816 2265 3848 a
2301 3799 2465 3847 multi-

188 3879 307 3939 plici
341 3894 567 3927 errorum
602 3879 836 3926 varietate
881 3876 1148 3927 immunes‘.
1220 3878 1324 3928 'Sub
1363 3880 1462 3927 alia
1500 3879 1667 3927 adhuc
1721 3878 1961 3927 crudiore
1997 3879 2161 3926 forma
2199 3879 2462 3926 invectum

193 3971 419 4004 errorem
473 3956 764 4017 designavit
816 3960 866 4003 et
920 3957 1281 4004 condemnavit
1330 3957 1440 4018 ipse
1478 3956 1716 4004 Summus
1754 3955 1999 4004 Pontifex
2046 3957 2098 4004 in
2150 3955 2466 4003 allocutione
