2548 4290
209 107 312 160 156
381 108 495 150 Pars
527 107 586 149 11.
645 106 801 149 Const.
837 106 892 147 de
925 107 1050 148 Eccl.
1121 105 1233 161 Cap.
1265 106 1326 149 11.
1385 105 1802 149 Commentationes
1837 108 1893 149 de
1925 108 2160 162 aliquibus
2191 108 2320 151 locis.

2537 149 2540 153 -
2522 33 2548 118 iffi}
2520 0 2548 17 «11

359 255 820 323 „Consideremus
861 260 1065 323 autem,
1110 273 1386 327 quaenam
1428 256 1587 310 Iesus
1627 255 1880 310 Christus
1921 257 2174 311 attribuit
2213 258 2481 328 Apostolo
2534 294 2544 299 -

206 340 376 393 Petro
418 346 473 392 et
514 340 631 393 eius
672 341 1100 395 successoribus,
1153 341 1355 394 Nonne
1395 342 1452 393 in
1493 342 1801 412 praemium
1832 343 2065 414 triplicis
2098 341 2483 398 declarationis
2536 357 2543 403 ῥ

204 426 408 478 amoris
450 424 606 478 dedit
643 425 725 478 illi
767 443 965 479 munus
1006 426 1275 497 pascendi
1315 444 1565 497 gregem,
1606 427 1819 481 scilicet
1845 445 2019 499 agnos
2048 434 2103 481 et
2131 427 2301 481 oves?
2341 426 2483 483 Cum
2536 471 2547 479 .

206 510 308 563 hoc
350 510 695 578 discrimine,
738 512 887 581 quod
927 511 1220 582 Episcopis
1261 510 1454 564 datum
1496 517 1578 565 est
1618 517 1833 565 tantum
1876 531 2132 585 pascere,
2175 512 2268 583 qui
2306 513 2364 565 in
2404 513 2484 568 eis

203 599 304 662 est,
345 612 594 665 gregem,
636 596 846 650 scilicet
883 596 1282 650 determinatas
1325 601 1509 666 partes
1550 597 1737 667 gregis
1777 597 1887 651 illis
1929 599 2271 664 commissas3
2312 597 2481 670 Petro

202 685 390 733 autem
432 685 487 733 et
527 681 936 734 successoribus
978 682 1095 734 eius
1138 680 1327 733 datum
1369 686 1452 734 est
1491 699 1720 752 pascere
1762 701 1982 737 omnem
2022 700 2271 754 gregem,
2312 700 2483 753 agnos

202 771 260 819 et
311 784 475 832 oveS,
528 766 806 837 simplices
862 766 1057 820 fideles
1110 784 1313 837 nempe
1366 773 1421 819 et
1459 766 1800 839 EpiscopOS,
1857 769 1913 821 in
1954 787 2052 822 suo
2093 769 2362 839 regimine
2403 769 2483 822 in·
2535 812 2548 840 -.

204 851 591 922 dependenter
632 852 701 906 ab
744 852 896 922 aliis3
951 852 1081 905 dum
1132 858 1323 906 contra
1363 852 1629 925 Episcopi
1670 860 1905 924 pascunt
1943 872 2192 925 semper,
2240 859 2302 907 ut
2343 853 2484 908 dixi·
2537 871 2540 873 ·

205 955 352 1005 mus,
406 936 793 1007 dependenter
846 955 877 990 a
917 937 1088 991 Petro
1132 942 1187 990 et
1229 937 1384 991 Petri
1438 955 1773 992 successore.
1850 938 1937 992 En
1991 940 2163 1010 igitur
2203 956 2484 993 successor
2540 954 2542 957 ·

204 1024 359 1077 Petri
411 1029 594 1095 potest
645 1025 701 1076 in
754 1030 870 1077 toto
927 1024 1061 1078 orbe
1118 1023 1419 1077 christiano
1476 1025 1660 1077 omnia
1713 1043 1984 1096 peragere
2038 1043 2177 1097 quae
2233 1025 2484 1096 superius

203 1110 639 1177 enunciavimuS,
683 1115 738 1163 et
778 1110 1012 1180 proinde
1053 1110 1442 1163 administrare
1483 1117 1846 1179 sacramenta,
1888 1112 2040 1182 leges
2082 1112 2246 1180 ferre,
2287 1111 2484 1182 invigi-
2541 1175 2548 1176 W

203 1196 319 1249 lare
362 1202 485 1263 etc.,
530 1196 872 1268 praedicare,
912 1196 1160 1249 iudicare
1203 1197 1629 1263 controversias,
1674 1197 1871 1268 punire
1900 1202 2087 1251 sontes
2117 1202 2221 1251 etc.
2264 1197 2483 1260 Quaero
2546 1193 2548 1195 ¹

201 1283 389 1353 igitur,
432 1287 688 1354 potestne
730 1282 868 1336 haec
909 1283 1093 1335 omnia
1134 1300 1405 1354 peragere
1433 1300 1564 1336 vere
1607 1283 1662 1334 in
1705 1288 1820 1336 toto
1864 1283 1997 1337 orbe
2026 1283 2334 1337 catholico?
2378 1283 2483 1347 Qui

202 1368 629 1435 contradiceret,
671 1368 976 1422 innumeris
1019 1368 1351 1420 obrueretur
1392 1368 1736 1439 antiquitatis
1778 1369 2069 1441 exemplis.

358 1454 509 1522 „Nec
552 1453 699 1507 dicat
739 1455 969 1525 aliquiS,
1021 1454 1160 1508 haec
1204 1455 1486 1525 peregisse
1529 1454 1860 1508 Pontificem
1913 1473 2188 1508 summum
2230 1473 2339 1525 qua
2379 1454 2483 1508 Pa-
2544 1455 2548 1460 “

202 1540 504 1594 triarcham
546 1540 967 1594 occidentalem.
1034 1539 1177 1593 Nam
1221 1547 1444 1610 praeter
1486 1540 1747 1611 exempla
1788 1542 2081 1594 innumera
2121 1541 2284 1594 huius
2325 1541 2482 1593 iuris·
2546 1542 2548 1574 3

204 1625 460 1679 dictionis
492 1627 746 1679 exercitii
777 1627 833 1679 in
862 1626 1111 1693 Oriente,
1153 1632 1345 1680 notum
1387 1631 1486 1693 est,
1529 1627 1824 1698 privilegia
1852 1627 2322 1695 Patriarcharum,
2365 1626 2484 1680 Pri-

206 1718 412 1765 matum
468 1717 523 1766 et
564 1712 1125 1785 Metropolitanorum
1181 1730 1299 1766 esse
1353 1712 1622 1783 positiva,
1677 1719 1731 1767 et
1783 1731 1855 1766 ex
1898 1714 2254 1767 concessione
2295 1712 2484 1766 Ponti-

202 1798 318 1851 ficis
349 1798 579 1853 Summi.
643 1798 700 1852 Si
741 1799 912 1869 igitur
955 1799 1076 1852 aliis
1117 1798 1460 1851 Patriarchis
1502 1798 1762 1868 provenit
1802 1817 1834 1851 a
1874 1799 2230 1852 concessione
2273 1798 2499 1852 Summi
2546 1851 2548 1854 .

205 1884 508 1951 Pontificis,
551 1885 924 1955 consequitur,
965 1885 1022 1937 in
1062 1884 1181 1953 ipso
1223 1884 1579 1954 privilegium
1619 1902 1737 1938 esse
1780 1903 1851 1937 ex
1893 1884 2239 1938 institutione
2281 1883 2483 1936 divina.

148 1998 151 2001 v
204 1970 418 2024 Eadem
459 1971 630 2041 igitur
672 1970 853 2041 quoad
895 1970 1138 2042 speciem
1181 1975 1263 2023 est
1318 1970 1650 2041 episcopalis
1703 1975 1948 2040 potestas
1984 1970 2389 2042 Episcoporum
2429 1969 2485 2022 in

205 2056 437 2126 singulis
479 2056 591 2109 suis
631 2056 977 2110 dioecesibus
1006 2061 1061 2109 et
1089 2056 1145 2108 in
1176 2055 1448 2109 Pontifice
1478 2056 1703 2110 Summo
1735 2056 1919 2127 quoad
1956 2074 2146 2110 omnes
2189 2055 2485 2123 1110000808,

204 2160 332 2194 cum
373 2142 478 2194 hoc
522 2141 857 2209 discrimine,
900 2140 1048 2212 quod
1090 2141 1145 2193 in
1186 2140 1459 2194 Pontifice
1491 2140 1717 2194 Summo
1760 2146 1843 2195 est
1883 2141 1940 2194 in
1981 2160 2079 2194 sua
2122 2140 2484 2211 plenitudine,

205 2229 260 2280 in
302 2228 423 2280 aliis
465 2228 745 2294 restricta3
800 2228 855 2280 in
901 2228 1129 2281 Summo
1171 2226 1445 2281 I'ontifice
1487 2227 1903 2298 independenS,
1963 2228 2020 2280 in
2061 2227 2351 2298 Episcopis
2394 2226 2485 2281 de-

207 2313 483 2385 pendens;
525 2314 581 2366 in
610 2313 900 2384 Episcopis
938 2318 1218 2366 coarctata
1252 2313 1321 2366 ad
1358 2331 1482 2366 suas
1524 2314 1824 2381 dioeceseS,
1865 2314 1919 2366 in
1957 2312 2229 2367 Pontifice
2259 2313 2482 2367 Summe

204 2400 324 2452 sine
365 2400 480 2452 ulla
535 2400 865 2453 limitatione
907 2399 1046 2467 loci,
1105 2399 1200 2451 sed
1243 2399 1313 2452 ad
1364 2399 1630 2452 terminos
1682 2406 1884 2453 terrae.
1965 2398 2103 2452 Cum
2145 2399 2316 2469 igitur
2358 2415 2475 2451 con-

207 2486 397 2539 venire
438 2504 537 2538 nos
577 2502 805 2539 necesse
846 2485 931 2554 sit,
974 2485 1200 2538 realiter
1240 2489 1573 2555 potestatem
1617 2484 1828 2538 Summi
1870 2484 2155 2538 Pontificis
2196 2502 2315 2538 esse
2358 2501 2477 2537 ean·

206 2571 333 2625 dem
375 2571 560 2640 specie
602 2588 664 2624 ac
706 2575 1041 2641 potestatem
1082 2570 1504 2641 Episcoporum,
1547 2571 1679 2642 quid
1721 2576 1890 2638 vetat,
1933 2571 2226 2642 quominus
2265 2574 2477 2623 utamm

205 2657 403 2711 eodem
444 2657 718 2710 vocabulo
762 2657 830 2710 ad
873 2656 1195 2727 qualitatem
1242 2657 1641 2709 enuntiandam
1681 2656 2102 2724 iurisdictionis,
2146 2673 2287 2727 quae
2329 2672 2482 2709 exer-

205 2749 363 2797 cetur
403 2760 504 2814 per
542 2742 842 2795 Pontifices
886 2748 940 2794 et
968 2742 1294 2814 EpiscopOS,
1337 2748 1392 2795 et
1432 2741 1696 2810 dicamuS,
1740 2742 2113 2813 episcopalem
2155 2745 2483 2812 potestatem

206 2829 262 2881 in
300 2828 621 2900 EpiscopiS,
676 2833 732 2882 et
783 2846 1054 2880 summam
1098 2845 1415 2897 supremam
1468 2833 1802 2898 potestatem
1857 2827 2231 2899 episcopalem
2273 2843 2391 2879 0880
2430 2825 2485 2878 in

206 2914 434 2968 Summo
477 2913 823 2967 Pontifice‘?“
891 2912 1079 2983 Negat
1119 2913 1343 2980 relator,
1386 2913 1718 2967 vocabulum
1760 2931 1967 2967 novum
2008 2930 2145 2967 esse.
2209 2911 2487 2983 Imprimis

209 3005 541 3070 potestatem
583 3000 954 3070 episcopalem
1010 2999 1158 3052 idem
1211 3017 1329 3052 esse
1372 3017 1496 3051 cum
1538 2999 1868 3070 pontificali3
1931 2999 2074 3051 hanc
2114 2998 2169 3050 in
2210 2996 2487 3068 Episcopo

207 3086 313 3140 dici
353 3086 759 3157 pontificalem,
813 3086 867 3138 in
912 3086 1138 3139 Summo
1180 3085 1452 3139 Pontifice
1495 3104 1765 3139 summam
1818 3089 2150 3156 potestatem
2204 3084 2488 3154 pontifica-

207 3173 336 3225 lem.
414 3172 590 3224 Porro
635 3171 924 3224 Summum
966 3170 1296 3224 Pontificem
1337 3188 1394 3224 se
1439 3171 1624 3224 dicere
1683 3170 1988 3224 catholicae
2031 3169 2317 3222 Ecclesiae
2358 3167 2486 3238 Epi-

207 3275 454 3327 scopum.
510 3257 695 3327 Negat
737 3257 922 3323 etiam,
965 3257 1238 3309 rationem
1267 3257 1505 3309 nominis
1546 3257 1694 3309 illius
1723 3254 2029 3327 usurpandi
2070 3255 2282 3308 deesse.
2341 3253 2485 3321 „No-

207 3345 323 3392 tum
368 3339 499 3405 est,“
544 3338 752 3409 inquit,
810 3339 951 3407 „imo
993 3338 1411 3391 usitatissimum
1452 3339 1509 3390 in
1547 3338 1832 3404 Ecclesia,
1887 3342 1948 3389 ut
1987 3354 2133 3389 nova
2174 3335 2488 3406 dogmatica

207 3424 482 3477 vocabula
522 3423 894 3476 adhibeantur
933 3424 1091 3476 novis
1134 3423 1415 3476 erroribus
1456 3422 1889 3493 insurgentibus.
1969 3421 2186 3474 Nostris
2225 3419 2486 3492 tempori-

209 3509 309 3562 bus
350 3527 548 3579 reapse
589 3509 751 3563 valde
793 3508 1105 3580 periculosa
1147 3509 1423 3562 sententia
1464 3508 1612 3579 apud
1642 3508 1856 3578 aliquos
1897 3507 2148 3573 invaluit,
2190 3523 2332 3576 quae
2372 3522 2484 3558 sus-

207 3595 377 3662 tinet,
433 3595 719 3648 Summum
763 3595 1090 3648 Pontificem
1144 3613 1254 3647 non
1306 3612 1467 3665 posse
1508 3595 1565 3646 in
1607 3594 1727 3646 aliis
1775 3592 2121 3646 dioecesibus
2162 3610 2194 3646 a
2233 3591 2485 3644 Romana

207 3679 440 3732 diversis
482 3698 547 3733 ea
586 3698 875 3751 peragere,
920 3698 1060 3750 quae
1089 3679 1398 3750 Episcopus
1428 3679 1660 3750 quilibet
1700 3679 1756 3730 in
1798 3697 1895 3731 sua
1938 3677 2178 3748 propria,
2221 3694 2286 3730 eo
2327 3692 2484 3747 prae·

209 3772 385 3832 textii,
430 3766 579 3836 quod
619 3766 752 3819 alias
794 3766 1015 3818 illorum
1056 3765 1495 3818 iurisdictionem
1538 3763 1818 3818 laederet:
1877 3763 2219 3834 perniciosus
2261 3779 2413 3814 error
2452 3777 2483 3812 a

211 3849 483 3904 Vaticano
515 3850 763 3904 Concilio
807 3856 889 3905 est
929 3851 1317 3920 configendus3
1362 3856 1418 3904 et
1460 3851 1561 3903 hoc
1590 3850 1797 3921 optime
1828 3848 2011 3917 faciet,
2051 3848 2096 3901 si
2137 3847 2348 3900 sanciat
2387 3862 2483 3898 sua

208 3936 555 4003 auctoritate,
599 3943 932 4008 potestatem
964 3936 1175 3990 Summi
1206 3936 1491 3990 Pontificis
1533 3934 1907 3988 exercendam
1948 3934 2005 3986 in
2047 3933 2294 4004 qualibet
2335 3931 2483 3985 dioe-
