2548 4290
0 0 64 224 ᾗ
271 153 515 195 Comment.
548 152 631 192 IX.
690 150 882 192 Concilii
914 152 1113 192 definitio
1147 152 1201 193 de
1232 153 1407 194 obiecto
1441 154 1777 195 infallibilitatis
1810 154 2079 207 pontificiae.
2189 154 2293 206 207

88 292 183 346 sed
232 294 411 363 potius
460 293 622 362 longe
677 293 915 362 praefert
962 293 1248 345 formulam
1299 312 1450 345 suam
1490 312 1521 345 a
1561 295 1998 364 Congregatione
2053 296 2296 365 generali

0 369 46 463 ξ
87 377 196 428 iam
235 376 549 441 admissam,
604 394 741 445 quae
782 376 879 428 sub
920 377 1080 428 unica
1119 377 1487 446 propositione
1528 382 1699 429 totum
1741 379 1806 431 de
1847 379 2058 431 obiecto
2098 377 2296 430 infalli-

0 454 39 531 f}
86 459 309 511 bilitatis
350 460 612 526 enuntiat,
653 460 728 510 ita
765 464 825 511 ut
862 464 1046 511 tamen
1084 460 1182 511 sub
1213 460 1413 528 duplici
1439 461 1677 526 notione,
1718 461 1924 514 scilicet
1951 461 2048 512 sub
2077 461 2297 513 notione

16 576 41 618 ᾗ
87 542 340 613 generica
381 548 435 594 et
473 542 571 594 sub
610 543 830 594 notione
871 543 1135 612 specifica,
1177 542 1278 594 hoc
1320 544 1647 596 enuntietur.

17 682 23 687 „
233 625 351 692 „Ex
392 626 610 677 notione
662 626 917 694 generica
956 626 1188 690 scilicet,
1243 644 1406 694 quum
1447 625 1724 678 Romanus
1763 627 2023 679 Pontifex
2073 644 2297 679 munere

12 700 37 754 ’ἶ
86 710 278 761 summi
303 710 531 777 pastoris
560 714 614 761 et
642 708 875 760 doctoris
904 709 1137 778 fungens
1171 709 1487 776 doctrinam,
1529 728 1666 778 quae
1696 715 1777 762 est
1804 711 1870 762 de
1911 710 2016 762 fide
2057 716 2110 762 et
2137 710 2297 761 mori-

1 806 38 843 1
83 793 199 858 bus,
227 793 294 844 ab
322 794 572 844 universa
592 792 836 845 Ecclesia
862 792 1152 845 tenendam
1179 793 1384 859 definit,
1417 792 1583 861 [eum]
1612 794 2000 846 infallibilitate
2029 793 2296 862 gaudere3

86 894 155 929 ex
194 876 295 929 hac
334 876 554 928 notione
594 876 848 944 generica
888 876 1168 940 discimus,
1208 876 1515 928 Romanum
1555 876 1876 929 Pontificem
1916 895 1986 929 ex
2028 876 2301 929 Cathedra

22 948 28 992 s
84 960 397 1029 loquentem
448 976 563 1011 esse
603 958 974 1026 infallibilem,
1033 977 1196 1029 quum
1238 959 1304 1011 de
1355 960 1516 1011 rebus
1556 960 1684 1012 fidei
1739 966 1792 1012 et
1845 978 2055 1012 morum
2094 958 2299 1028 aliquid

88 1043 290 1096 definit.
369 1042 475 1095 Sed
517 1060 586 1095 ex
627 1043 783 1095 simul
824 1042 1037 1095 adiecta
1076 1044 1295 1095 notione
1336 1043 1584 1111 specifica
1623 1044 1977 1109 addiscimus,
2017 1044 2072 1094 in
2114 1048 2301 1094 exten-

86 1127 236 1179 sione
276 1126 434 1178 huius
473 1126 900 1192 infallibilitatis,
951 1127 1007 1177 in
1047 1126 1411 1195 applicatione
1452 1126 1609 1178 huius
1649 1127 2050 1179 infallibilitatis
2091 1126 2156 1178 ad
2197 1126 2302 1177 sin-

87 1210 218 1280 gula
256 1210 490 1262 Romani
518 1210 796 1262 Pontificis
837 1210 1058 1262 decreta
1098 1210 1386 1261 discrimen
1428 1227 1544 1261 esse
1587 1211 1927 1278 ponendum3
1968 1211 2044 1262 ita
2083 1210 2301 1279 quidem

86 1298 147 1346 ut
186 1293 291 1345 alia
329 1293 509 1358 (sicuti
548 1292 692 1344 idem
735 1293 897 1344 etiam
937 1293 1083 1344 valet
1123 1293 1189 1344 de
1231 1292 1636 1345 definitionibus
1676 1293 1996 1361 dogmaticis
2033 1293 2302 1345 Concilio-

87 1376 229 1443 rum)
270 1376 376 1428 sint
416 1381 563 1427 certa
603 1376 670 1428 de
699 1376 836 1441 fide3
878 1376 953 1428 ita
992 1376 1211 1444 quidem
1238 1381 1298 1427 ut
1338 1376 1429 1444 qui
1468 1382 1710 1445 negaret,
1753 1376 2074 1428 Pontificem
2114 1377 2168 1426 in
2208 1376 2303 1426 tali

90 1459 309 1512 decreto
351 1459 561 1512 edendo
591 1459 755 1511 fuisse
783 1459 1144 1524 infallibilem,
1183 1460 1290 1510 iam
1320 1477 1382 1510 eo
1409 1459 1541 1527 ipsc,
1583 1465 1763 1510 utrum
1793 1459 2092 1511 doctrinam
2132 1459 2303 1527 ipsam

89 1549 253 1612 neget
292 1543 380 1595 vel
419 1543 669 1610 affirmet,
709 1543 864 1594 fieret
903 1543 1234 1608 haereticus3
1276 1543 1382 1593 alia
1421 1560 1549 1594 vero
1590 1542 1809 1594 decreta
1847 1542 2080 1594 Romani
2119 1542 2306 1594 Ponti-

89 1627 202 1679 ficis
241 1631 365 1678 sunt
405 1627 623 1695 quidem
663 1625 842 1695 quoad
880 1626 1323 1678 infallibilitatem
1357 1626 1518 1677 etiam
1548 1632 1711 1692 certa,
1752 1626 1848 1678 sed
1877 1626 2143 1678 certitudo
2173 1626 2306 1677 haec

14 1731 16 1734 ’
90 1728 198 1763 non
236 1716 316 1762 est
357 1710 564 1775 eadem,
606 1710 744 1761 sicut
785 1710 946 1762 etiam
987 1710 1042 1760 in
1084 1710 1201 1761 aliis
1244 1709 1645 1761 definitionibus
1687 1715 1740 1761 ct
1781 1710 2010 1762 decretis
2040 1709 2306 1761 Concilio-

91 1812 209 1846 rum
250 1812 358 1846 non
400 1794 590 1846 eadem
631 1794 785 1845 adest
827 1793 1093 1845 certitudo
1135 1793 1277 1844 circa
1315 1792 1758 1845 infallibilitatem
1789 1793 2049 1858 Concilii3
2090 1793 2165 1844 ita
2194 1793 2306 1861 qui-

93 1879 216 1930 dem
256 1883 316 1929 ut
355 1878 490 1930 haec
531 1877 796 1929 certitudo
837 1877 1172 1929 solummodo
1212 1877 1280 1928 sit
1320 1877 1585 1928 certitudo
1614 1877 1922 1945 theologica
1951 1877 2097 1929 eoin
2129 1894 2305 1940 sensu,

91 1967 151 2014 ut
187 1962 248 2025 is,
290 1961 381 2029 qui
420 1965 664 2029 negaret,
705 1960 1005 2012 Ecclesiam
1047 1961 1134 2012 vel
1174 1977 1244 2011 ex
1283 1961 1400 2028 pari
1440 1961 1604 2011 etiam
1629 1961 1948 2012 Pontificem
1988 1960 2042 2010 in
2082 1960 2178 2010 tali
2220 1959 2308 2010 de-

93 2049 240 2097 creto
283 2043 494 2096 edendo
544 2062 653 2095 non
694 2043 810 2095 fore
852 2043 1220 2108 infallibilem,
1278 2049 1337 2095 ut
1376 2044 1497 2094 talis
1539 2044 1755 2112 quidem
1797 2062 1904 2095 non
1946 2048 2085 2094 esset
2124 2050 2311 2111 aperte

92 2128 414 2192 haereticUS,
456 2132 695 2179 attamen
737 2145 975 2179 errorem
1015 2128 1391 2195 gravissimum
1422 2133 1476 2178 et
1515 2133 1798 2196 peccatum
1836 2127 2210 2195 gravissimum
2237 2126 2312 2177 sic

95 2212 325 2265 errando
367 2212 746 2264 committeret.
824 2211 1064 2263 Proinde
1104 2230 1201 2262 nos
1241 2212 1294 2262 in
1335 2216 1517 2263 nostra
1556 2211 1788 2263 formula
1826 2216 1998 2262 totum
2041 2210 2312 2262 obiectum

96 2295 437 2348 enuntiamus
478 2295 636 2346 simul
676 2294 774 2346 sub
815 2312 924 2346 una
963 2295 1360 2363 propositione,
1414 2300 1653 2347 attamen
1702 2294 1799 2345 sub
1852 2294 2054 2362 duplici
2092 2293 2311 2345 notione

96 2380 352 2448 generica
403 2385 457 2431 et
496 2379 774 2449 specifica3
831 2380 905 2430 ita
957 2379 1175 2448 quidem
1224 2384 1284 2430 ut
1336 2397 1405 2430 ex
1456 2380 1712 2448 generica
1752 2378 2087 2430 solummodo
2129 2382 2314 2447 pateat

100 2463 369 2515 obiectum
409 2461 814 2513 infallibilitatis
855 2462 1129 2530 generale,
1173 2467 1226 2513 et
1267 2480 1335 2513 ex
1375 2462 1595 2514 notione
1635 2462 1884 2531 specifica
1913 2460 2108 2512 deinde
2149 2478 2314 2530 appa-

98 2550 217 2598 reat
258 2546 524 2597 certitudo
574 2546 735 2596 huius
777 2545 1210 2611 infallibilitatis,
1263 2551 1442 2596 utrum
1483 2547 1550 2597 sit
1591 2545 1656 2597 de
1697 2545 1802 2596 fide
1844 2563 1912 2597 an
1952 2562 2080 2596 vero
2118 2545 2315 2596 solum-

100 2628 259 2681 modo
301 2629 568 2680 certitudo
609 2629 917 2697 theologica
957 2629 1090 2681 etc.“

245 2711 465 2763 Nullam
507 2729 577 2763 ex
616 2712 749 2776 illis,
803 2729 940 2780 quae
993 2711 1059 2763 de
1110 2712 1320 2763 obiecto
1362 2710 1764 2762 infallibilitatis
1805 2710 2068 2779 agebant,
2120 2728 2316 2778 excep-

101 2795 337 2848 tionibus
378 2795 556 2865 Episc.
596 2795 936 2847 Brixinensis
988 2795 1260 2863 suffragiis
1312 2796 1592 2864 proposuit
1646 2800 1807 2863 atque
1858 2794 2090 2846 formula
2130 2794 2316 2845 defini-

102 2879 288 2943 tionis,
342 2896 479 2947 quae
520 2878 587 2929 ab
628 2896 691 2930 eo
733 2878 1111 2930 commendata
1161 2879 1216 2929 in
1257 2878 1694 2946 Congregatione
1747 2878 2077 2946 octogesima
2126 2881 2318 2946 quarta

104 2967 157 3014 et
204 2962 392 3031 quinta
431 2962 655 3013 Patrum
708 2962 966 3030 suffragia
1017 2963 1167 3027 tulit,
1221 2967 1486 3031 quatenus
1539 2962 1604 3012 de
1656 2961 1866 3013 obiecto
1916 2960 2318 3013 infallibilitatis

105 3045 243 3113 agit,
298 3050 511 3097 retenta
563 3050 616 3096 et
664 3045 718 3095 in
762 3045 1011 3097 Sessione
1064 3045 1292 3097 solemni
1345 3062 1464 3095 cum
1518 3050 1630 3095 tota
1671 3044 2068 3096 Constitutione
2108 3061 2139 3095 a
2181 3043 2318 3095 Con-

106 3128 228 3180 cilio
268 3133 489 3198 recepta
529 3133 583 3180 et
621 3146 652 3179 a
692 3128 912 3180 Summo
954 3127 1220 3180 Pontifice
1261 3128 1563 3196 approbata
1603 3132 1697 3178 est.

250 3210 441 3279 Itaque
494 3211 718 3263 historia
774 3212 964 3280 capitis
1017 3211 1193 3280 quarti
1234 3212 1377 3262 clare
1420 3214 1655 3275 constat,
1707 3209 1835 3278 quid
1884 3210 1949 3260 de
1991 3210 2200 3261 obiecto
2241 3210 2318 3260 in-

7 3293 13 3298 “
109 3293 453 3346 fallibilitatis
494 3295 699 3346 Summi
741 3295 1020 3346 Pontificis
1076 3294 1357 3345 definitum
1399 3295 1492 3345 sit:
1545 3293 1600 3344 id
1639 3311 1833 3359 unum,
1890 3292 2158 3344 obiectum
2203 3310 2318 3344 esse

106 3377 250 3429 idem
292 3382 453 3446 atque
494 3378 765 3430 obiectum
805 3378 1206 3430 infallibilitatis
1246 3377 1523 3429 Ecclesiae
1564 3377 1884 3444 generatim.
1956 3376 2097 3435 Quid
2137 3381 2317 3427 autem

110 3459 438 3512 censendum
479 3461 546 3511 sit
588 3461 653 3513 de
696 3461 905 3513 obiecto
945 3460 1349 3512 infallibilitatis
1393 3460 1689 3525 Ecclesiae,
1727 3477 1757 3510 a
1797 3459 2039 3511 Concilio
2081 3477 2188 3511 non
2230 3459 2321 3511 do-

110 3548 277 3594 cetur.
354 3543 419 3594 Id
459 3543 827 3596 definiendum
869 3550 985 3596 erat
1022 3544 1078 3595 in
1118 3544 1290 3595 altera
1331 3544 1396 3595 de
1436 3543 1680 3595 Ecclesia
1720 3542 2140 3609 Constitutione,
2183 3560 2319 3611 quae

110 3631 332 3695 propter
390 3644 708 3694 suspensum
761 3628 1061 3680 Concilium
1124 3628 1356 3696 proponi
1421 3645 1527 3678 non
1591 3626 1780 3693 potuit.
1867 3626 2076 3678 Scimus
2141 3632 2320 3678 autem

113 3709 330 3761 aliunde
370 3740 440 3747 -
479 3716 640 3779 atque
684 3729 748 3763 ea
788 3718 868 3763 est
908 3711 1107 3763 veritas
1149 3711 1214 3762 de
1255 3710 1362 3761 fide
1398 3710 1664 3762 catholica
1702 3709 1990 3774 credenda,
2032 3726 2191 3778 quam
2231 3727 2323 3761 ne-

113 3809 242 3859 gare
283 3793 618 3845 haereticum
670 3801 749 3846 est
789 3826 874 3860 —,
915 3795 1219 3847 Ecclesiam
1267 3795 1322 3845 in
1374 3793 1694 3845 definiendis
1744 3792 2062 3844 veritatibus
2101 3794 2325 3845 revelatis

113 3874 457 3927 infallibilem
498 3894 630 3929 esse.
683 3878 745 3929 Id
788 3879 952 3946 igitur
991 3878 1044 3928 vi
1073 3876 1483 3928 Constitutionis
1512 3876 1764 3927 Vaticani
1804 3876 1965 3927 etiam
2007 3876 2072 3927 de
2104 3876 2322 3927 Summo
