2548 4290
260 178 499 219 Discussio
531 177 703 217 ultima.
764 176 938 217 Monita
970 175 1158 217 adiecta.
1195 198 1246 203 -
1283 175 1491 217 Confirm.
1524 178 1569 216 in
1603 175 1812 218 Sessione
1844 176 2048 217 solemni.
2198 175 2265 226 29

43 321 112 374 ad
151 321 248 373 hos
288 339 497 374 errores
530 340 562 374 a
588 321 642 374 S.
670 319 916 372 Ecclesia
954 319 1194 372 arcendos
1230 325 1273 370 et
1312 311 1725 372 eliminandos.
1769 358 1779 370 .
1824 359 1835 370 .
1877 335 2099 388 operam
2141 334 2265 369 con-

43 403 314 456 ferant.“1
390 404 498 457 Sed
548 404 635 455 die
686 403 935 472 sequenti
986 403 1095 469 (21.
1145 402 1373 470 Aprilis)
1415 402 1471 452 in
1523 402 1760 454 sessione
1812 402 2072 453 vicesima
2123 417 2267 452 nona

44 485 323 556 deputatio
364 504 395 538 a
434 487 601 557 priori
639 485 733 537 illa
772 486 1087 551 mutatione,
1130 502 1236 554 qua
1273 483 1563 537 verborum
1602 483 1943 553 quorundam
1972 483 2265 552 transposi-

42 569 189 622 tione
232 570 431 622 Christi
480 569 721 622 fidelium
773 569 1008 621 officium
1048 569 1115 621 ab
1158 569 1415 634 aliorum,
1467 568 1558 637 qui
1611 567 1839 619 docendi
1880 584 2104 619 munere
2145 566 2264 617 fun-

39 657 258 722 guntur,
299 653 663 722 distinguitur,
704 651 1071 704 recedendum
1100 668 1216 703 esse
1250 652 1461 720 putavit
1501 668 1563 702 ac
1591 651 1828 720 priorem
1868 655 2082 702 textum
2118 667 2265 702 rece-

40 736 145 806 pit,
200 741 411 789 retenta
459 741 641 788 tamen
691 753 824 788 voce
880 734 1175 801 „arcendos
1227 734 1310 787 et“
1335 732 1372 785 ².
1451 734 1597 795 Quas
1649 733 1869 804 quidem
1921 751 2004 785 res
2059 751 2156 803 per
2206 751 2261 785 se

39 819 285 870 minimas
323 823 432 871 tam
473 823 722 870 accurate
763 819 1037 888 persecuti
1077 836 1288 884 sumUS,
1337 818 1463 886 quia
1503 817 1722 887 quidam
1763 816 1957 882 studiO,
2001 816 2262 885 quidquid

39 901 340 954 Concilium
382 902 509 971 egit,
552 902 601 954 ei
640 902 696 953 in
736 902 940 953 crimen
979 900 1230 953 vertendi
1260 918 1328 953 ex
1356 903 1473 971 ipso
1502 902 1604 954 hoc
1633 900 1811 966 modo,
1854 917 1957 969 quo
1988 900 2260 951 conclusio

38 983 421 1037 Constitutioni
463 985 648 1038 addita
686 990 782 1051 est,
824 986 1104 1037 materiam
1147 985 1508 1037 calumniandi
1552 986 1857 1054 petierunt,
1915 982 2060 1052 quod
2101 1000 2261 1051 quam

35 1067 291 1120 iniustum
332 1069 416 1133 sit,
457 1069 689 1138 simplici
728 1069 806 1120 rei
847 1069 1187 1137 expositione
1229 1074 1396 1138 patet.

177 1151 369 1220 Itaque
412 1152 734 1205 Constitutio
777 1151 842 1204 de
883 1152 987 1204 fide
1029 1152 1273 1220 perfecta
1314 1158 1446 1204 erat.
1525 1153 1706 1205 Unum
1749 1157 2059 1219 supererat,
2107 1156 2166 1202 ut
2205 1150 2259 1201 in

36 1233 286 1287 Sessione
326 1236 553 1287 solemni
592 1253 623 1287 a
662 1235 914 1288 Patribus
954 1235 1348 1305 approbaretur
1389 1240 1442 1288 et
1482 1254 1511 1288 a
1554 1236 1775 1288 Summo
1816 1234 2081 1286 Pontifice
2136 1251 2259 1285 con-

35 1317 359 1371 firmaretur.

178 1401 356 1454 Sessio
397 1403 651 1454 solemnis
692 1403 851 1455 tertia
878 1402 1063 1455 habita
1105 1410 1184 1455 est
1224 1404 1274 1457 d.
1305 1405 1391 1455 24.
1419 1404 1641 1472 Aprilis,
1683 1404 1971 1459 Dominica
1999 1407 2052 1457 in
2082 1403 2255 1456 Albis.

36 1483 248 1553 Singuli
288 1485 480 1538 Patres
519 1485 878 1554 rogabantur,
920 1504 1048 1537 num
1089 1487 1333 1556 placeret
1376 1487 1719 1550 Constitutio,
1765 1507 1922 1557 quan]
1967 1508 1998 1541 a
2038 1490 2259 1541 Summo

33 1566 298 1621 Pontifice
353 1574 629 1638 acceptam
681 1588 880 1639 magna
930 1587 1062 1622 voce
1117 1577 1279 1623 antea
1329 1572 1654 1623 recitaverat
1694 1572 1998 1641 Episcopus
2038 1571 2260 1624 Fabria-

33 1651 214 1703 nensis
254 1657 306 1703 et
345 1652 723 1719 Matilicensis3
777 1671 1034 1722 responsa
1074 1654 1299 1705 Patrum
1340 1673 1371 1707 a
1410 1655 1798 1707 scrutatoribus
1845 1656 2259 1726 excipiebantur

34 1737 88 1785 et
136 1751 167 1785 a
219 1736 599 1804 protonotariis
651 1736 1112 1790 describebantur.
1195 1738 1565 1804 „Recensione
1618 1739 2001 1808 suffragiorum
2055 1739 2257 1805 habita,

34 1823 369 1886 compertum
411 1824 519 1884 est,
560 1820 867 1872 unanimem
911 1820 1075 1872 fuisse
1119 1823 1358 1873 omnium
1400 1822 1626 1873 Patrum
1668 1841 1962 1890 assensum,
2004 1842 2099 1892 per
2140 1840 2258 1874 ver-

35 1898 161 1950 bum
200 1900 424 1966 ,Placet‘
477 1903 859 1955 declaratum.“
942 1904 1100 1964 Quod
1139 1923 1259 1956 cum
1302 1907 1523 1957 Summo
1565 1907 1843 1974 Pontifici,
1896 1909 1985 1977 qui
2020 1907 2257 1960 Sessioni

34 1983 403 2051 praesidebat,
459 1987 835 2039 renunciatum
887 1996 1058 2053 esset,
1110 1989 1153 2040 is
1196 1989 1653 2042 Constitutionem
1695 2008 1725 2042 a
1765 1992 2019 2043 Patribus
2062 2009 2254 2060 appro-

33 2065 211 2118 batam
252 2068 570 2138 Apostolica
610 2072 929 2124 auctoritate
972 2073 1311 2125 confirmavit
1330 2072 1367 2124 3.

662 2484 1010 2554 CAPUT
1073 2486 1617 2555 ALTERUM.

173 2624 493 2695 Aliquorum
531 2627 773 2683 locorum
816 2629 1231 2684 Constitutionis
1273 2630 1339 2684 (le
1382 2630 1486 2685 fide
1529 2630 1752 2685 uberior
1794 2631 2104 2702 explicatio.

814 2791 1367 2846 COMMENTATIO
1410 2794 1454 2847 l.

194 2911 251 2957 De
284 2910 407 2957 initio
440 2913 594 2971 capitis
627 2914 750 2972 primi
783 2914 1112 2962 Constitutionis
1146 2917 1194 2962 do
1226 2917 1329 2962 fide:
1364 2918 1554 2975 „Sancta
1587 2918 1801 2964 catholica.
1833 2918 2080 2976 Apostolica.

905 2989 1092 3035 Romana
1124 2990 1360 3036 Ecclesia'·‘.

167 3086 363 3139 Nullus
416 3095 569 3142 extat
622 3092 677 3142 in
728 3093 904 3161 capite
960 3094 1132 3162 primo
1190 3095 1601 3148 Constitutionis
1657 3098 1722 3149 de
1775 3097 1880 3150 fide
1937 3098 2119 3166 locus,
2181 3098 2246 3150 de

0 3185 129 3235 ,quo
169 3173 455 3239 tantopere
497 3173 828 3243 disputatum
870 3182 966 3242 est,
1007 3196 1168 3245 quam
1198 3178 1264 3230 de
1305 3181 1490 3247 primis
1532 3181 1645 3232 eius
1688 3181 1881 3249 verbis,
1922 3181 2115 3250 quibus
2156 3182 2245 3234 de-

24 3249 268 3318 signatur
291 3253 552 3309 Ecclesia.
604 3257 756 3318 Quae
794 3259 1132 3328 disceptatio,
1174 3263 1301 3314 licet
1341 3263 1409 3315 ad
1449 3270 1611 3334 caput
1639 3270 1784 3316 recte
1827 3265 2244 3334 intelligendum

22 3332 116 3384 vix
157 3336 450 3406 quidquam
490 3341 750 3409 conferat,
792 3348 997 3410 tamen,
1040 3363 1204 3414 quum
1246 3351 1299 3398 et
1338 3348 1615 3399 historiam
1657 3349 1846 3418 capitis
1888 3354 1941 3400 et
1980 3367 2243 3400 summam

22 3415 171 3509 illam
225 3418 590 3491 diligentiam,
643 3444 804 3494 quam
845 3428 1037 3480 Patres
1086 3430 1173 3481 vel
1221 3430 1276 3481 in
1329 3431 1507 3483 verbis
1559 3432 1826 3501 eligendis
1878 3433 2242 3499 adhibuerint,

22 3516 218 3552 mlrum
257 3503 313 3554 in
353 3506 572 3559 modum
611 3509 860 3579 illustret,
902 3513 1202 3565 accuratius
1243 3515 1547 3567 enarranda
1587 3521 1682 3568 est.

165 3582 231 3635 In
282 3587 584 3657 schemate,
637 3593 781 3660 quod
834 3594 1227 3663 deputationi4,
1279 3603 1332 3649 et
1381 3599 1435 3649 in
1485 3617 1576 3664 e0,
1631 3600 1774 3668 quod
1816 3599 2241 3669 Congregationi

20 3667 305 3732 generali5
345 3674 777 3743 proponebatur,
831 3682 992 3747 caput
1032 3679 1265 3747 primum
1305 3682 1598 3749 incipiebat
1638 3682 1817 3734 verbis
1862 3682 2094 3748 „Sancta
2132 3683 2241 3735 Ro-

166 3834 180 3859 ¹
219 3834 296 3881 Ex
330 3838 459 3883 actis
497 3842 590 3886 eto.
662 3840 717 3890 O.
753 3842 815 3889 V.
858 3844 1045 3893 1677b.
1224 3846 1238 3873 ²
1277 3848 1406 3895 Ibid.
1479 3848 1530 3895 C.
1571 3850 1632 3897 V.
1675 3852 1857 3897 1678b.

165 3906 180 3934 ³
219 3909 383 3959 Sessio
421 3913 510 3961 sol.
580 3913 636 3963 O.
670 3916 732 3964 V.
770 3919 862 3964 247
902 3934 1008 3979 sqq.
1189 3922 1207 3947 ‘'‘
1245 3922 1298 3969 C.
1335 3924 1395 3971 V.
1438 3927 1617 3971 102921.
1799 3925 1812 3951 ⁵
1851 3927 1904 3974 C.
1942 3927 2001 3973 V.
2042 3930 2092 3973 7]
2119 3944 2156 3975 c.
