2548 4290
274 149 521 193 Comment.
551 153 636 194 1X.
695 152 886 194 Concilii
918 153 1099 195 definito
1134 156 1187 196 de
1220 155 1395 195 obiecto
1426 154 1762 197 infallibilitatis
1794 156 2062 210 pontificiae.
2176 157 2276 207 193

10 296 45 358 ᾼζ
75 295 201 348 dum
239 294 340 359 sit‘,
393 294 616 348 definita
664 295 824 364 plane
878 313 940 347 ac
993 296 1351 349 determinata
1402 299 1671 352 evadit.“1
1747 299 1925 361 Quum
1974 307 2163 370 postea
2210 319 2281 354 ex

14 383 45 460 3
75 377 248 447 capite
288 377 574 429 undecimo
614 377 900 430 schematis
940 378 1006 430 de
1046 378 1291 432 Ecclesia
1338 384 1391 431 et
1430 380 1530 432 hoc
1572 382 1746 451 capite
1788 383 1854 435 de
1893 384 2280 437 infallibilitate

12 492 49 564 ξ
73 460 322 514 addendo
363 478 562 512 novum
599 460 1008 513 Constitutionis
1048 461 1265 514 schema
1305 463 1683 530 conflaretur2,
1723 464 1889 532 100113,
1931 466 1998 519 (10
2038 485 2142 537 quo
2183 486 2281 520 nos

11 562 45 599 a?
73 543 308 613 agimus,
360 548 627 612 quatenus
665 544 806 596 circa
845 543 1116 596 obiectum
1155 545 1554 598 infallibilitatis
1596 553 1855 614 versatur,
1896 550 2070 642 primo
2109 556 2281 602 muta-

33 632 157 679 tus
196 643 305 679 non
344 624 485 692 0313,
525 643 624 678 nec
664 626 906 696 profecto
947 628 1241 697 quidquam
1279 629 1336 679 in
1376 646 1438 680 eo
1480 629 1831 696 desideratur,
1873 632 1916 683 si
1954 632 2009 684 in
2038 632 2281 686 Concilio

17 694 45 744 ³
75 709 141 762 de
180 709 293 762 solo
332 709 607 775 subiecto,
659 727 767 761 non
804 716 986 763 autem
1027 711 1093 763 de
1135 711 1345 764 obiecto
1385 711 1787 765 infallibilitatis
1836 715 2109 782 agendum
2151 723 2281 769 erat.

10 765 184 853 {Sed
220 796 425 861 postea,
466 809 629 862 quum
670 793 888 845 schema
926 811 1099 846 novae
1141 793 1551 847 Constitutionis
1579 814 1610 847 a
1638 796 1988 866 deputatione
2029 798 2095 851 de
2123 799 2284 851 rebus

15 888 37 920 3
74 876 142 929 ad
179 875 341 929 fidem
380 876 778 945 pertinentibus
832 877 1218 944 discuteretur,
1274 878 1408 929 haec
1449 879 1562 930 eius
1602 897 1725 947 pars
1765 884 1970 932 mutata
2010 888 2105 947 est,
2148 900 2283 951 quae

73 960 299 1012 mutatio
339 959 732 1029 permultarum
773 960 1199 1029 disputationum
1240 978 1401 1013 causa
1439 961 1555 1014 fuit.

218 1042 515 1110 Deputatio
545 1042 612 1095 de
650 1042 755 1094 fide
797 1043 863 1095 de
903 1061 1043 1095 novo
1084 1043 1400 1096 schemate
1386 1062 1442 1094 1n
1469 1045 1705 1097 sessione
1745 1046 2018 1100 tricesima
2057 1049 2286 1117 septima

77 1125 162 1178 die
202 1127 252 1177 2.
292 1126 421 1178 Maii
461 1143 624 1195 agere
665 1127 860 1194 coepit.
921 1126 986 1178 In
1027 1128 1264 1179 sessione
1303 1127 1574 1179 tricesima
1612 1146 1756 1180 nona
1796 1129 1882 1182 die
1923 1132 1970 1183 5.
2012 1131 2143 1183 Maii
2183 1132 2287 1183 dis-

24 1211 26 1276 ]
77 1208 393 1278 ceptabatur
433 1209 499 1261 de
539 1210 822 1274 sententia,
865 1228 969 1279 qua
1010 1210 1076 1262 de
1119 1210 1329 1263 obiecto
1369 1210 1769 1263 infallibilitatis
1809 1230 1983 1266 sermo
2025 1220 2105 1266 est
2126 1215 2163 1266 4.

33 1291 37 1294 ’
222 1291 453 1345 Schema
491 1294 680 1363 capitis
709 1295 900 1362 quarti,
942 1299 1001 1345 ut
1027 1294 1131 1346 alio
1171 1293 1328 1346 loco5
1368 1311 1437 1345 ex
1474 1293 1677 1346 diurnis
1707 1299 2104 1349 commentariis
2131 1298 2289 1349 unius

78 1392 107 1428 e
134 1375 388 1427 Patribus
415 1394 512 1445 pro
540 1377 702 1429 rebus
729 1377 857 1429 fidei
886 1378 1157 1447 deputatis
1181 1378 1536 1443 narravimUS,
1570 1379 1668 1443 „ab
1697 1378 1830 1430 Effio
1858 1379 1999 1432 Bilio
2030 1382 2290 1450 composi-

26 1465 30 1470 “
77 1463 192 1511 tum
219 1465 273 1511 et
299 1477 331 1511 a
358 1460 411 1512 8.
440 1460 604 1512 Patre
633 1462 730 1513 Pio
753 1462 854 1515 IX.
884 1462 1170 1531 probatum
1200 1466 1333 1513 erat.
1383 1461 1727 1530 Quapropter
1755 1463 2093 1532 inopinatum
2123 1465 2290 1516 omni-

78 1543 177 1595 bus
209 1542 418 1608 accidit,
449 1544 595 1612 quod
622 1544 765 1596 idem
796 1545 1097 1599 Cardinalis
1120 1546 1175 1596 in
1203 1545 1439 1597 sessione
1468 1544 1833 1612 deputationis
1854 1544 1963 1613 [eo]
1985 1546 2070 1599 die
2094 1548 2141 1601 5.
2161 1547 2292 1598 Maii

25 1682 27 1685 ,
78 1625 177 1678 fer.
217 1626 284 1679 V.
328 1625 546 1695 [mane],
588 1645 752 1697 quum
792 1646 952 1681 nemo
993 1629 1216 1679 Patrum
1255 1627 1511 1679 adversus
1552 1628 1769 1680 schema
1808 1628 2137 1698 loqueretur,
2176 1631 2291 1699 ipse

80 1714 265 1761 contra
303 1710 439 1762 illud
478 1713 847 1779 argumentari
889 1713 1093 1781 coepit:
1136 1729 1244 1763 non
1283 1711 1404 1781 plus
1444 1728 1600 1780 posse
1641 1711 1851 1763 definiri
1893 1713 1957 1764 de
1997 1713 2293 1766 infallibili-

78 1797 190 1845 tate
241 1794 456 1864 Papae,
508 1813 669 1864 quam
722 1796 1003 1848 definitum
1055 1797 1121 1847 sit
1173 1796 1239 1848 de
1290 1795 1676 1847 infallibilitate
1718 1795 2025 1863 Ecclesiae3
2080 1798 2146 1849 de
2191 1797 2293 1849 Ec-

50 1867 52 1869 ·
79 1877 243 1929 clesia
268 1884 449 1930 autem
476 1878 577 1931 hoc
605 1885 815 1931 tantum
845 1881 1124 1932 definitum
1154 1897 1284 1945 esse,
1329 1897 1448 1930 eam
1482 1897 1598 1931 esse
1625 1879 1968 1932 infallibilem
2008 1882 2063 1933 in
2106 1882 2293 1934 defini-

78 1952 315 2013 tionibus
355 1961 672 2031 dogmaticis
713 1964 895 2016 stricte
924 1964 1108 2028 dictis3
1150 1980 1279 2032 ergo
1309 1963 1601 2031 quaeritur,
1641 1963 1831 2031 inquit,
1860 1982 1989 2015 num
2018 1967 2293 2034 proposito

81 2044 354 2097 schemate
413 2046 770 2099 infallibilitas
824 2048 1008 2116 Papae
1068 2065 1175 2099 non
1233 2047 1391 2097 nimis
1456 2046 1802 2100 extendatur.
1890 2047 2013 2099 Non
2075 2050 2297 2116 negavit

84 2126 417 2195 CardinaliS,
480 2130 588 2182 imo
648 2136 905 2200 tanquam
965 2131 1320 2183 certissimum
1375 2130 1632 2196 asseruit,
1692 2130 1900 2197 Papam
1954 2131 2296 2184 infallibilem

0 2235 2 2238 >
84 2228 298 2280 quoque
339 2229 454 2265 0330
495 2214 550 2265 10
590 2213 745 2266 factis
785 2214 1118 2282 dogmaticis,
1164 2214 1219 2264 in
1260 2213 1667 2265 canonizatione
1710 2213 2030 2265 Sanctorum
2071 2215 2297 2284 aliisque

84 2295 229 2364 paris
269 2298 527 2349 momenti
567 2298 755 2362 rebus,
811 2299 969 2349 sicuti
1008 2298 1255 2350 Ecclesia
1306 2298 1360 2348 in
1401 2297 1481 2348 his
1524 2296 1823 2349 infallibilis
1876 2303 1971 2350 est.
2048 2298 2296 2364 Addidit,

85 2396 141 2431 se
191 2379 662 2434 vehementissime
716 2400 943 2453 cupere,
997 2387 1057 2434 ut
1105 2383 1160 2432 in
1210 2381 1310 2432 hoc
1362 2380 1603 2432 Concilio
1645 2381 1912 2432 Vaticano
1966 2382 2298 2448 definiretur,

85 2461 387 2515 Ecclesiam
440 2465 782 2517 infallibilem
837 2483 979 2531 esse,
1036 2483 1144 2517 non
1194 2464 1368 2515 solum
1418 2463 1473 2514 in
1529 2462 1930 2514 definitionibus
1983 2463 2300 2532 dogmaticis

87 2547 269 2598 stricte
309 2548 552 2615 sumptiS,
592 2548 686 2600 sed
727 2549 888 2600 etiam
929 2549 983 2599 in
1024 2548 1178 2599 factis
1220 2547 1553 2614 dogmaticis,
1596 2547 1649 2596 in
1693 2548 2096 2599 canonizatione
2136 2548 2301 2600 80110-

86 2634 291 2695 10111111,
341 2631 396 2681 10
448 2632 842 2699 approbatione
883 2631 1165 2683 Ordinum.
1244 2630 1351 2682 Sed
1404 2647 1566 2698 quum
1621 2647 1765 2681 nunc
1806 2630 1871 2681 de
1913 2630 2300 2682 infallibilitate

0 2700 23 2758 ³.
86 2712 272 2782 Papae
327 2713 634 2766 definienda
687 2721 970 2783 ageretur,
1027 2720 1318 2783 antequam
1373 2718 1551 2764 actum
1604 2718 1746 2764 esset
1797 2713 1862 2764 de
1914 2713 2300 2766 infallibilitate

86 2795 381 2860 Ecclesiae,
419 2798 556 2850 illud
594 2798 921 2850 incommodi
960 2798 1162 2850 habere
1203 2798 1435 2861 schema,
1479 2796 1621 2865 quod
1662 2797 1779 2864 plus
1812 2796 2098 2863 diceretur,
2141 2815 2300 2866 quam

90 2886 381 2948 oporteret.
459 2882 548 2933 Ad
598 2882 730 2934 haec
781 2882 1239 2950 respondebatur,
1298 2897 1474 2948 neque
1525 2879 1968 2931 infallibilitatem
2021 2880 2300 2932 Ecclesiae

89 2963 362 3033 hucusque
401 2965 513 3018 ullo
566 2966 724 3018 modo
766 2966 1041 3017 definitam
1093 2982 1235 3030 0330,
1288 2968 1532 3015 constare
1584 2968 1763 3015 autem
1806 2963 2171 3031 apertissime,
2222 2964 2302 3014 in-

89 3047 474 3102 fallibilitatem
522 3050 801 3102 Ecclesiae
858 3049 1055 3118 dogma
1111 3066 1227 3100 esse
1279 3054 1331 3099 et
1386 3047 1583 3115 dogma
1635 3046 2072 3113 fundamentale,
2136 3065 2302 3116 quum

91 3131 316 3200 quilibet
366 3133 663 3184 catholicus
721 3138 898 3184 actum
950 3132 1076 3183 fidei
1132 3130 1463 3183 enuntiando
1521 3130 1621 3181 hoc
1676 3129 2024 3199 profiteatur:
2089 3130 2301 3196 ,Cred0,

90 3216 234 3283 quod
261 3215 413 3267 Deus
450 3217 713 3268 revelavit
752 3221 805 3268 et
831 3216 1077 3267 Ecclesia
1105 3215 1370 3266 catholica
1410 3212 1740 3265 credendum
1770 3214 2056 3281 proponit.‘
2123 3213 2301 3273 Quum

15 3301 22 3306 ’
89 3299 255 3367 igitur
302 3299 408 3350 fide
459 3305 696 3365 constet,
752 3299 1055 3350 Ecclesiam
1107 3316 1223 3349 0330
1274 3296 1640 3361 infallibilem,
1700 3295 1842 3347 idem
1896 3296 1960 3347 de
2008 3297 2160 3365 Papa
2212 3296 2302 3347 de-

92 3381 360 3434 finiatur“.

237 3466 348 3517 Alii
400 3466 547 3518 aliud
597 3465 913 3518 suadebant.
992 3464 1146 3516 Unus
1195 3463 1603 3528 animadvertit,
1655 3462 1710 3512 in
1761 3460 2126 3513 definitionem
2168 3461 2305 3513 nihil

94 3550 219 3601 novi
270 3549 335 3602 de
377 3549 580 3601 ambitu
632 3550 824 3602 obiecti
868 3548 1269 3600 infallibilitatis
1310 3545 1679 3615 recipiendum
1733 3562 1847 3596 esse
1871 3543 1907 3596 ⁶.
1985 3544 2305 3613 Complures

243 3746 256 3772 ¹
293 3748 491 3794 Relatio
530 3752 624 3794 etc.
675 3747 726 3794 C.
753 3748 813 3793 V.
841 3749 933 3793 ‘286
951 3747 995 3794 d.
1133 3745 1148 3771 ²
1186 3744 1260 3791 Cf.
1289 3760 1442 3803 supra
1469 3759 1575 3803 cap.
1602 3741 1642 3788 I.
1667 3741 1893 3786 Historia
1919 3744 2013 3787 etc.
2039 3757 2084 3801 p.
2118 3742 2205 3787 110
2232 3757 2306 3802 sq.

240 3822 255 3849 ³
293 3823 504 3870 Schema
540 3828 633 3869 etc.
706 3823 758 3870 C.
795 3823 855 3869 V.
898 3823 1081 3869 1642b.
1256 3819 1276 3846 4
1312 3821 1390 3865 Ex
1425 3819 1551 3865 actis
1590 3821 1682 3863 etc.
1753 3815 1805 3862 C.
1847 3815 1905 3862 V.
1948 3817 2065 3862 1631
2086 3816 2131 3863 d.

244 3898 258 3925 ⁵
295 3900 373 3945 Ex
410 3900 599 3946 diurnis
638 3903 732 3945 etc.
801 3898 854 3945 C.
891 3899 951 3944 V.
994 3899 1115 3943 1699
1153 3912 1258 3957 sqq.
1436 3893 1451 3921 ‘³
1488 3895 1564 3940 Ex
1601 3893 1726 3939 actis
1766 3896 1859 3939 010.
1929 3891 1982 3939 C.
2019 3892 2079 3938 V.
2122 3894 2243 3939 1683
2261 3894 2305 3939 b.

186 3985 513 4021 Granderath,
546 3984 706 4015 Constit.
728 3984 894 4023 dogmat.
1909 3974 1956 4011 11²3
