2548 4290
258 140 322 192 18
747 136 861 178 Pars
893 135 929 175 Ι.
986 132 1142 176 Const.
1179 132 1233 174 de
1265 131 1367 173 fide.
1431 129 1543 186 Cap.
1575 130 1612 172 Ι.
1667 131 1782 172 Eius
1814 130 2023 172 historia.

252 290 490 338 mutasse
513 282 549 337 1.
601 281 853 334 Tractari
890 280 1077 351 igitur,
1118 277 1587 350 quemadmodum
1625 296 1659 331 a
1685 277 1949 331 Patribus
1989 277 2331 348 postulatum
2360 281 2523 339 esset,

241 370 428 441 ¹primo
485 368 605 420 loco
663 365 1001 432 doctrinam,
1054 363 1256 417 deinde
1312 363 1468 416 reiici
1528 380 1776 432 errores,
1836 363 1930 434 qui
1987 361 2273 415 doctrinae
2329 360 2526 415 adver-

251 459 505 508 sarentur
522 451 559 505 ².
638 452 763 504 Hac
805 451 873 504 de
917 468 1084 504 causa
1121 450 1180 502 in
1219 450 1338 520 ipsa
1378 448 1803 502 Constitutionis
1842 448 2205 519 inscriptione
2257 445 2528 501 vocabula

255 545 480 605 „contra
521 536 857 606 multiplices
888 552 1104 588 errores
1141 552 1213 586 ex
1256 532 1637 586 rationalismo
1667 533 1980 586 derivatos“
2005 532 2025 564 3
2064 549 2362 602 suppressa
2389 548 2528 585 esse.

250 625 425 678 Porro
477 628 538 676 ut
590 623 707 676 eius
760 622 942 691 capita
981 622 1201 674 interno
1254 619 1439 689 aliquo
1492 637 1644 672 nexu
1695 619 1958 689 coniungi
2010 618 2228 672 facilius
2284 621 2527 689 possent,

250 729 348 781 pro
394 709 680 777 „doctrina
720 707 1023 761 catholica“
1070 706 1336 775 scriptum
1379 722 1497 758 esse
1544 703 1684 771 „fide
1738 704 2063 757 catholica“.
2149 702 2339 771 „Quae
2381 702 2528 755 enim

249 797 307 848 in
345 795 536 866 primis
576 792 849 863 capitibus
892 791 959 844 de
998 790 1121 844 Deo
1162 808 1348 843 rerum
1390 790 1635 842 omnium
1679 794 1928 843 creatore
1983 796 2038 843 et
2078 789 2146 842 de
2186 787 2527 842 revelatione

249 883 660 953 proponuntur,
717 877 1000 948 pertinent
1041 875 1112 929 ad
1153 893 1247 944 ea,
1288 893 1524 946 quorum
1566 875 1809 945 cognitio
1851 875 2019 929 fidem
2060 875 2371 940 antecedit,
2413 874 2530 927 sive

249 967 320 1021 ad
374 963 736 1038 praeambula
787 963 947 1028 fidei,
1004 961 1207 1014 deinde
1260 961 1445 1031 agitur
1501 961 1569 1014 de
1623 960 1730 1014 fide
1783 962 1904 1033 ipsa
1957 962 2188 1031 eiusque
2241 960 2307 1014 ad
2364 960 2530 1013 ratio-

249 1071 378 1106 nem
429 1055 718 1121 respectu3
779 1053 1059 1119 postremo
1101 1047 1183 1100 -de
1241 1047 1558 1119 praecipuis
1612 1047 1943 1118 quibusdam
1994 1048 2125 1100 fidei
2179 1045 2531 1115 dogmatibus

249 1142 304 1190 et
343 1137 585 1189 maxime
628 1134 695 1187 de
736 1133 1044 1203 mysteriis,
1086 1150 1160 1186 sc.
1204 1132 1272 1185 de
1322 1132 1417 1186 SS.
1462 1132 1772 1199 Trinitate,
1831 1132 1898 1185 de
1940 1132 2179 1186 hominis
2221 1131 2436 1201 origine
2479 1135 2532 1184 et

152 1268 155 1271 ,
249 1228 461 1288 natura,
505 1220 818 1275 elevatione
861 1224 916 1272 et
956 1220 1133 1290 lapsu,
1177 1217 1244 1271 de
1274 1218 1467 1272 Verbo
1510 1220 1797 1273 incarnato
1840 1226 1895 1273 et
1936 1220 2005 1273 de
2043 1221 2222 1291 gratia
2249 1217 2531 1286 Redemp-

247 1306 478 1361 torisf‘4
555 1306 752 1359 Visum
804 1311 990 1358 autem
1040 1321 1159 1357 esse
1217 1305 1539 1370 „materiam
1594 1305 1736 1358 hanc
1787 1306 2027 1377 amplam
2085 1306 2142 1359 in
2194 1305 2331 1358 duas
2386 1303 2529 1357 Coti-

249 1393 565 1446 stitutiones
619 1390 896 1459 dividere,
954 1408 1186 1461 quarum
1241 1390 1422 1459 prior,
1481 1409 1623 1461 quae
1676 1409 1823 1444 nunc
1879 1392 2235 1464 proponitur,
2295 1388 2363 1442 de
2418 1388 2529 1441 fide

248 1479 521 1532 catholica
561 1477 901 1546 generatim,
957 1476 1134 1529 altera
1187 1474 1254 1529 de
1296 1477 1577 1529 nonnullis
1629 1476 1759 1530 fidei
1804 1477 2111 1531 catholicae
2153 1476 2385 1530 obiectis
2424 1475 2532 1527 siti-

248 1565 484 1635 gillatim
525 1563 751 1632 ageret“
779 1562 816 1616 ⁵.

394 1650 734 1720 DeputatOS,
788 1647 1023 1700 aliorum
1066 1646 1445 1701 Conciliorum
1498 1649 1818 1719 exemplum
1876 1648 1946 1701 ob
2000 1648 2189 1701 oculos
2238 1647 2528 1711 habenteS,

248 1735 521 1805 capitibus
562 1733 839 1787 addidisse
870 1750 1126 1799 canoneS,
1168 1738 1229 1785 ut
1270 1738 1423 1786 tanto
1453 1731 1687 1799 facilius,
1731 1734 1864 1804 quid
1898 1733 2183 1786 doctrinae
2225 1732 2529 1786 catholicae

247 1821 655 1884 adversaretur,
699 1823 1148 1887 cognosceretur,
1190 1824 1357 1889 atque
1388 1836 1604 1872 errores
1633 1819 1932 1873 studiosius
1961 1824 2015 1872 et
2043 1819 2284 1871 sanctius
2324 1835 2357 1870 a
2397 1816 2530 1868 fide-

246 1906 391 1958 libus
435 1905 777 1958 evitarentur
795 1902 833 1957 ⁶.
913 1902 1165 1956 Tandem
1207 1921 1300 1956 eos
1342 1904 1528 1956 stilum
1571 1904 1870 1958 emendare
1912 1904 2188 1957 studuisse
2205 1903 2242 1955 ⁷.
2300 1902 2530 1970 „Postu-

246 1991 420 2044 latum
462 1989 618 2057 fuit,“
664 1990 741 2042 ait
767 1987 1240 2060 Archiepiscopus
1283 1988 1682 2058 Strigoniensis
1721 1990 1779 2042 in
1819 1990 2092 2043 relatione
2116 1988 2154 2056 8,
2203 1993 2295 2056 „ut
2335 1985 2532 2040 modi-s

248 2076 469 2129 dicendi
508 2076 565 2127 in
606 2075 785 2146 primo
828 2073 1109 2127 schemate
1152 2092 1316 2144 quem
1350 2074 1643 2128 habuimus
1685 2076 2028 2142 immutetur,
2070 2080 2131 2127 ut
2170 2073 2327 2126 stilus
2369 2071 2531 2125 aliter

246 2162 598 2229 reformetur,
642 2178 845 2230 nempe
887 2166 1223 2229 repurgetur
1266 2179 1297 2213 a
1338 2161 1663 2231 pulveribus
1704 2161 2063 2228 scholasticiS,
2104 2165 2166 2212 ut
2191 2158 2446 2212 Ecclesia
2473 2157 2530 2210 in

246 2248 417 2301 hocce
459 2247 733 2299 Vaticano
778 2245 1029 2298 Concilio
1075 2263 1185 2298 non
1238 2245 1499 2315 loquatur
1550 2246 1606 2298 in
1659 2251 1791 2300 tono
1846 2246 2206 2316 disceptantis
2252 2262 2378 2296 cum
2419 2244 2530 2296 suis

247 2333 532 2404 discipulis
586 2332 870 2402 magistri,
928 2331 1026 2384 sed
1075 2332 1334 2401 loquatur
1385 2350 1508 2385 cum
1561 2334 1851 2386 maiestate
1905 2337 1960 2386 et
2000 2333 2259 2403 loquatur
2299 2331 2357 2383 in
2396 2335 2527 2383 ton)

247 2419 559 2472 miserentis
600 2435 767 2488 super
809 2416 1089 2470 erroribus
1130 2417 1369 2469 filiorum
1422 2436 1647 2470 suorum
1699 2418 1906 2471 matris,
1987 2416 2312 2471 Essentialis
2352 2415 2531 2469 forma

248 2504 423 2557 omnis
465 2503 773 2557 conciliaris
801 2502 1224 2555 Constitutionis
1265 2503 1320 2554 in
1359 2503 1551 2573 primis
1592 2509 1689 2570 est,
1733 2509 1794 2555 ut
1836 2503 2085 2556 doctrina
2114 2502 2386 2555 catholica
2426 2519 2528 2554 su)

248 2608 346 2643 sua
376 2590 543 2642 etiam
572 2588 796 2658 speciali
826 2588 1099 2640 catholica
1126 2588 1340 2641 ratione
1370 2606 1519 2656 vere,
1548 2589 1792 2659 genuine
1823 2595 1878 2642 et
1915 2589 2129 2642 sincere
2159 2591 2529 2659 proponatur:

247 2681 413 2746 atque
456 2675 743 2745 deputatio
785 2691 909 2726 eam
949 2673 1120 2726 habet
1160 2666 1531 2727 firmissimam
1573 2675 1997 2743 convictionem,
2043 2674 2188 2745 quod
2230 2674 2334 2727 hac
2373 2678 2531 2743 parts

247 2766 431 2814 vestro
476 2760 752 2813 desiderio
795 2764 1091 2829 vestroque
1134 2759 1413 2830 postulato
1442 2759 1730 2813 satisfecit.
1791 2760 1953 2822 Quod
1994 2762 2195 2814 attinet
2235 2765 2420 2813 autem
2462 2757 2532 2811 ad

248 2846 433 2899 stilum
475 2846 674 2916 ipsum,
716 2863 819 2897 nec
863 2844 1151 2914 deputatio
1196 2844 1371 2897 credit
1412 2845 1598 2897 stilum
1641 2846 1788 2898 hunc
1814 2846 2016 2899 mutari
2057 2864 2167 2899 non
2208 2862 2387 2916 posse,
2428 2860 2531 2896 ne}

404 3033 419 3059 ¹
460 3033 612 3080 Ratio
654 3036 748 3080 etc.
803 3032 859 3081 O.
897 3033 960 3082 V.
1000 3034 1121 3081 7812.
1194 3033 1398 3082 Relatio
1436 3037 1533 3083 etc.
1585 3033 1640 3084 O.
1677 3034 1740 3083 V.
1778 3035 1887 3083 81d
1925 3050 1999 3097 sq.

401 3110 418 3138 ²
456 3111 587 3159 Ibid.
637 3110 691 3159 O.
739 3111 801 3158 V.
841 3113 959 3159 780.
1008 3113 1115 3159 82c
1154 3127 1264 3175 sqq.
1336 3111 1442 3160 Cur
1493 3112 1724 3174 theologi
1771 3113 1822 3161 in
1872 3113 2132 3161 schemate
2182 3111 2245 3159 de
2294 3110 2532 3158 doctrina

249 3188 505 3236 catholica
542 3188 699 3235 alium
737 3188 970 3236 ordinem
1008 3189 1279 3250 servarint,
1319 3190 1533 3252 exponit
1558 3190 1849 3250 Franzelin,
1886 3188 2194 3252 Disquisitio
2233 3192 2330 3236 etc.
2379 3186 2435 3235 C.
2467 3186 2531 3235 V.

253 3268 419 3315 16160
456 3281 566 3328 800.
748 3265 763 3292 ³
802 3264 878 3314 Of.
919 3282 1075 3328 supra
1110 3283 1158 3328 p.
1200 3269 1277 3316 11.
1460 3266 1480 3294 4
1516 3267 1669 3315 Ratio
1710 3271 1807 3316 etc.
1882 3266 1939 3315 O.
1976 3266 2039 3315 V.
2080 3268 2184 3314 780
2221 3282 2295 3329 80.

401 3341 417 3369 5
455 3343 586 3391 Ibid.
614 3371 675 3377 —
702 3343 980 3406 Inscriptio
1019 3345 1211 3406 optime
1251 3361 1314 3392 ex
1351 3346 1554 3393 ratione
1580 3349 1738 3393 antea
1774 3345 1934 3393 allata
1961 3344 2182 3408 quadrat
2219 3346 2270 3391 in
2307 3344 2530 3407 priorem

251 3420 718 3481 Constitutionem3
756 3436 859 3467 non
885 3421 1005 3468 item
1044 3422 1095 3469 in
1132 3422 1367 3483 alteram,
1406 3439 1509 3486 qua
1533 3438 1633 3471 non
1664 3423 1725 3470 de
1763 3423 1873 3485 ipso
1901 3427 2020 3471 actu
2056 3422 2138 3470 vel
2172 3422 2371 3469 virtute
2395 3421 2531 3480 fidei,

252 3500 341 3547 sed
379 3500 440 3547 de
479 3498 739 3559 aliquibus
779 3498 888 3545 eius
927 3499 1143 3547 obiectis
1180 3503 1469 3562 tractatur,
1523 3500 1584 3548 de
1622 3500 1840 3549 obiectis
1880 3500 2013 3548 enim
2048 3500 2168 3548 fidei
2204 3500 2256 3547 in
2294 3500 2529 3548 omnibu:¹

251 3575 616 3623 conciliaribus
655 3574 1039 3623 definitionibus
1087 3578 1169 3639 agi
1208 3578 1353 3625 solet.
1424 3578 1643 3637 Postea,
1693 3581 1752 3626 ut
1798 3578 1899 3626 iam
1947 3578 2267 3639 notavimus,
2319 3577 2421 3625 alia
2456 3577 2531 3624 in-

252 3653 462 3715 scriptio
501 3652 652 3699 alteri
688 3651 1065 3701 Constitutioni
1100 3655 1331 3715 praefixa
1370 3659 1464 3703 est.

400 3728 417 3756 ὅ
454 3729 605 3776 Ratio
634 3735 731 3777 etc.
776 3729 831 3778 O.
851 3729 914 3777 V.
936 3732 996 3777 78
1016 3731 1045 3778 d
1073 3747 1146 3794 sq.
1194 3731 1398 3780 Relatio
1427 3735 1523 3780 etc.
1566 3731 1621 3780 G.
1640 3732 1703 3780 V.
1723 3732 1831 3779 84d
1859 3748 1969 3795 sqq.
2010 3732 2087 3780 Of.
2115 3749 2272 3796 supra
2297 3748 2344 3794 p.
2369 3733 2425 3778 13
2452 3746 2509 3794 sq

327 3834 329 3836 ·
400 3806 415 3832 ἵ
454 3806 605 3854 Ratio
644 3811 738 3855 etc.
810 3805 866 3854 O.
903 3807 966 3856 V.
1006 3810 1064 3855 79
1082 3825 1126 3856 a.

401 3882 417 3909 s
456 3882 511 3930 C.
549 3883 611 3931 V.
651 3885 711 3931 85
731 3884 775 3932 b.
803 3900 845 3932 c.
914 3884 1049 3941 Quid
1086 3886 1358 3934 Franzelin
1397 3888 1460 3936 de
1498 3887 1616 3935 stilo
1653 3887 1840 3950 prioris
1879 3888 2154 3936 schematis
2193 3888 2254 3936 de
2293 3887 2519 3935 doctrina

252 3960 506 4009 catholica
545 3959 782 4020 disserat,
820 3977 868 4009 v.
906 3961 957 4008 in
997 3962 1106 4010 eius
1142 3963 1532 4026 Disquisitione.
1605 3963 1659 4012 G.
1700 3964 1764 4012 V.
1808 3966 1978 4014 16261)
2016 3981 2125 4028 sqq.
