2548 4290
225 60 292 112 68
417 62 530 102 Pars
561 60 596 101 I.
653 59 808 102 Const.
844 58 898 100 de
930 58 1031 100 fide.
1098 56 1208 113 Cap.
1240 58 1300 98 II.
1359 55 1777 100 Commentationes
1810 57 1866 100 de
1898 58 2133 111 aliquibus
2166 58 2296 101 locis.

222 224 348 259 nem
391 204 722 258 catholicum
776 222 875 256 sua
913 205 1094 274 gratia
1144 205 1201 256 in
1255 220 1386 256 vera
1437 204 1707 273 religione
1750 203 2106 271 confirmare,
2158 208 2219 256 ut
2258 204 2329 270 13,
2387 203 2491 257 11131

221 291 400 360 gratia
439 289 568 342 fidei
622 287 976 358 culpabiliter
1016 289 1264 356 abiecta,
1316 287 1385 340 ab
1428 305 1495 340 ea
1535 288 1798 342 recedere
1840 292 2113 359 nequeat,
2166 306 2264 342 seu
2304 292 2392 354 ut,
2446 289 2492 341 si

219 375 289 428 ab
331 392 396 428 ea
435 373 677 440 recedat,
720 375 1030 428 necessario
1073 373 1339 427 dicendus
1380 372 1450 425 sit
1490 380 1779 444 peccatum
1820 373 2055 427 formale
2094 378 2286 427 contra
2324 372 2491 427 fidem

220 459 570 513 commisisse.
646 458 715 512 Id
754 460 844 513 vel
884 460 1015 513 inde
1068 464 1253 531 patet,
1308 458 1457 530 quod
1499 476 1565 512 ea
1603 459 1776 513 verba
1814 460 1923 513 iam
1976 459 2032 512 in
2083 459 2364 512 schemate
2423 458 2489 513 de

220 545 470 599 doctrina
511 545 787 599 catholica
813 546 1181 598 occurrebant
1201 544 1235 613 1,
1277 563 1446 616 quum
1472 550 1660 598 tamen
1690 545 1807 599 eius
1848 545 2161 617 scriptoreS,
2205 549 2266 597 ut
2305 546 2490 597 statim

217 630 544 699 videbimus,
587 631 944 684 adnotatione
986 631 1174 684 addita
1214 631 1361 684 clare
1403 630 1876 697 animadvertant,
1918 631 2201 685 schemate
2241 648 2353 684 non
2394 647 2492 684 ex-

218 717 367 770 cludi
406 717 754 783 sententiam,
797 734 958 787 posse
1000 716 1298 787 aliquando
1342 733 1439 787 per
1480 716 1736 769 accidens
1777 717 1913 784 fieri,
1955 723 2016 770 ut
2055 718 2219 770 homo
2262 714 2492 769 catholi-

218 819 310 855 cus
362 803 479 855 sine
531 807 758 871 peccato
812 800 1031 854 formali
1085 806 1276 855 contra
1327 801 1493 854 fidem
1549 806 1756 854 sectam
1809 802 2051 873 aliquam
2102 801 2489 873 amplectatur.
2545 789 2548 791 ’

217 886 408 941 Verba
449 892 632 940 autem
674 888 824 958 ipsa,
870 888 984 941 sive
1025 887 1082 940 in
1123 905 1180 940 se
1222 887 1337 940 sive
1380 886 1641 941 hiaorice
1683 887 2046 955 considerata,
2089 905 2311 941 sensum
2354 885 2490 940 offe-

215 979 345 1026 runt
383 974 773 1037 universalem,
816 980 983 1046 atque
1014 974 1323 1039 enuntiant,
1367 973 1548 1026 Deum
1591 973 1747 1026 iustis
1785 972 1855 1026 ad
1895 978 2045 1026 recte
2085 972 2389 1026 vivendum
2434 990 2489 1025 se

215 1059 561 1129 gratiamque
590 1078 745 1112 suam
786 1077 1070 1130 nunquam
1113 1058 1457 1111 subtrahere.
1510 1058 1576 1111 In
1606 1059 1888 1112 schemate
1922 1058 1990 1112 de
2020 1059 2273 1112 doctrina
2301 1057 2489 1111 catho-

214 1144 338 1211 lica,
381 1163 409 1197 e
452 1163 557 1215 quo
588 1145 705 1213 hoc,
747 1146 802 1199 in
840 1164 947 1217 quo
979 1163 1279 1210 versamur,
1323 1149 1490 1215 caput
1530 1150 1816 1215 receptum
1846 1150 1943 1211 est,
1985 1145 2138 1197 locus
2168 1161 2488 1214 correspon-

216 1230 351 1284 dens
390 1230 494 1283 fuit
534 1232 650 1284 hic:
710 1233 897 1300 „Sicut
937 1234 1115 1302 gratia
1153 1231 1262 1284 Dei
1304 1273 1314 1285 .
1350 1273 1400 1283 ..
1445 1231 1515 1284 ad
1555 1231 1659 1285 hoc
1701 1231 1863 1284 datur
1905 1231 2244 1298 errantibuS,
2287 1235 2347 1283 ut
2387 1272 2398 1283 .
2431 1273 2437 1282 .
2475 1273 2486 1284 .

215 1322 609 1369 convertantur
648 1316 719 1371 ad
759 1318 1079 1370 veritatem:
1132 1316 1209 1368 ita
1249 1334 1347 1386 per
1389 1316 1871 1386 supernaturalem
1923 1317 2160 1387 gratiam
2210 1316 2486 1369 internatn

215 1443 225 1454 .
272 1444 282 1454 .
327 1443 337 1453 .
378 1401 645 1455 fortitudo
687 1403 1031 1456 credentium
1073 1401 1346 1454 Dominus
1388 1406 1496 1469 est,
1550 1403 1644 1472 qui
1680 1420 1784 1455 non
1824 1402 2020 1467 deserit,
2057 1403 2164 1455 nisi
2202 1401 2487 1469 deseratur,

212 1492 270 1540 ut
290 1489 375 1557 pie
395 1506 592 1557 semper
618 1489 843 1559 iusteque
873 1487 1127 1541 vivatm·.“
1156 1486 1176 1519 2
1228 1487 1540 1557 Desumpta
1574 1493 1701 1541 sunt
1728 1488 1916 1551 verba,
1959 1493 2020 1540 ut
2047 1493 2302 1541 auctores
2330 1487 2486 1539 scho-

214 1575 372 1626 matis
401 1574 685 1641 adnotant,
721 1592 791 1627 ex
822 1574 1002 1645 capite
1027 1573 1322 1626 undecimo
1351 1573 1623 1627 Sessionis
1651 1579 1844 1627 sextae
1875 1573 2110 1627 Concilii
2141 1572 2433 1627 Tridentin
2475 1595 2487 1640 3

212 1660 269 1712 in
308 1675 390 1726 e0,
432 1663 722 1730 postquam
753 1659 1095 1713 declaratum
1125 1665 1223 1721 est,
1267 1660 1437 1711 iustos
1467 1665 1768 1731 praecepta
1797 1659 1984 1712 divina
2009 1676 2231 1712 servare
2273 1665 2327 1712 et
2372 1676 2487 1726 „so-

213 1746 359 1813 brie,
414 1746 556 1798 iuste
599 1751 651 1798 et
692 1745 780 1815 pie
825 1746 1074 1798 viventes
1117 1745 1419 1816 proficere“
1466 1763 1653 1814 posse,
1708 1745 1957 1798 additur:
2021 1745 2207 1812 „Deus
2248 1762 2486 1815 namque

212 1850 310 1884 sua
350 1832 529 1902 gratia
568 1832 741 1884 semel
782 1832 1102 1884 iustificatos
1144 1849 1252 1883 non
1296 1831 1527 1899 deserit,
1587 1832 1692 1883 nisi
1734 1831 1803 1884 ab
1844 1832 1908 1883 iis
1949 1832 2102 1901 prius
2144 1830 2483 1884 deseratur.“

211 1917 425 1970 Eodem
454 1935 618 1970 sensu
646 1923 941 1970 occurrunt
970 1917 1140 1971 verba
1168 1917 1317 1987 apud
1348 1917 1402 1970 S.
1426 1916 1805 1986 Augustinum
1825 1916 1863 1985 3,
1892 1936 1923 1970 a
1952 1936 2059 1988 quo
2088 1916 2316 1971 tandem
2345 1916 2487 1969 der.-

211 2008 428 2056 vantur.
481 2003 599 2056 Nec
628 2003 878 2074 profecto
908 2003 1244 2056 Vaticanum
1273 2021 1416 2056 novo
1447 2020 1609 2056 sensu
1638 2022 1703 2057 ea
1732 2004 2034 2074 usurpavit.
2089 2003 2291 2057 Subest
2317 2003 2487 2072 igitur

210 2090 330 2142 loco
370 2107 589 2142 sensus:
644 2089 798 2142 Sicut
839 2089 992 2142 Deus
1034 2090 1343 2159 generatim
1385 2089 1555 2142 iustos
1598 2108 1709 2143 non
1750 2089 1979 2154 deserit,
2032 2089 2130 2143 sed
2170 2089 2351 2160 gratia
2392 2088 2485 2141 ad-

209 2176 378 2242 iuvat,
419 2181 480 2228 ut
520 2181 820 2245 praecepta
860 2194 1082 2228 servare
1124 2193 1187 2228 ac
1228 2180 1377 2228 recte
1421 2176 1609 2228 vivere
1644 2176 1871 2246 possint,
1913 2176 1990 2228 ita
2032 2176 2197 2229 etiam
2239 2193 2349 2242 003,
2393 2175 2485 2245 qui
2522 2222 2525 2223 γ

209 2263 266 2314 111
307 2279 439 2314 vera
479 2261 750 2331 religione
805 2267 960 2328 sunt,
1017 2261 1198 2331 gratia
1239 2279 1338 2314 sua
1379 2261 1632 2331 adiuvat,
1684 2267 1746 2314 ut
1784 2261 1841 2314 in
1886 2279 1951 2314 ea
1990 2279 2320 2333 permanere
2363 2279 2486 2332 pos-

210 2347 333 2399 sint.
415 2345 895 2407 Quemadmodum
949 2351 1133 2399 autem
1176 2346 1346 2416 priori
1387 2352 1544 2416 parte
1587 2346 1748 2399 huius
1802 2347 2109 2400 sententiae
2161 2365 2272 2399 non
2315 2364 2487 2399 enun-

209 2431 404 2500 tiatur,
445 2431 629 2484 Deum
670 2432 746 2483 ita
787 2432 968 2501 gratia
1008 2432 1180 2484 iustos
1223 2431 1516 2498 adiuvare,
1564 2437 1625 2484 ut
1666 2449 1735 2484 ne
1777 2432 2052 2485 materiali
2094 2431 2319 2503 quidem
2359 2448 2486 2501 pec-

211 2521 332 2570 cato
362 2521 665 2588 praecepta
693 2516 881 2569 divina
909 2517 1221 2586 transgredi
1250 2517 1478 2587 possint,
1508 2518 1584 2569 ita
1613 2517 1780 2570 etiam
1809 2517 1986 2570 altera
2015 2535 2124 2570 non
2150 2517 2486 2583 enuntiatur,

209 2600 391 2656 Deum
433 2602 510 2654 ita
550 2602 731 2672 gratia
783 2621 880 2654 sua
922 2603 1173 2655 homines
1226 2603 1527 2655 catholicos
1580 2603 1636 2654 in
1676 2608 1830 2655 recta
1869 2602 1977 2656 fide
2019 2603 2369 2671 confirmare,
2426 2610 2488 2654 111

208 2705 278 2740 110
320 2687 595 2740 materiali
638 2687 862 2757 quidem
905 2693 1132 2758 peccato
1176 2687 1244 2740 ab
1274 2705 1340 2741 ea
1367 2687 1632 2741 recedere
1662 2689 1891 2759 possint.
1947 2689 2113 2742 Patet
2152 2693 2340 2742 autem
2380 2688 2488 2740 illis

208 2773 409 2840 verbiS,
452 2772 636 2825 Deum
665 2791 733 2826 ne
777 2791 903 2825 eum
932 2773 1157 2844 quidem
1198 2774 1474 2840 deserere,
1518 2774 1628 2844 qui,
1671 2774 1715 2827 si
1756 2774 1812 2826 id
1852 2774 1972 2827 fieri
2001 2775 2188 2845 possit,
2231 2774 2348 2827 sine
2389 2792 2488 2826 sua

208 2859 368 2929 culpa
409 2858 477 2910 ab
507 2858 758 2911 Ecclesia
798 2864 1102 2930 separetur.
1159 2858 1344 2919 Quare
1374 2860 1417 2912 is
1448 2878 1558 2913 non
1588 2860 1897 2931 privabitur
1926 2860 2121 2913 mediis
2151 2859 2221 2912 ad
2250 2860 2486 2912 salutem

210 2943 656 3013 consequendam
697 2945 1041 2999 necessariis,
1119 2944 1239 2997 Iam
1283 2963 1451 3015 quum
1503 2946 1648 2999 inter
1689 2946 1827 2999 haec
1868 2946 2166 2999 referenda
2207 2946 2276 2997 sit
2318 2945 2484 2998 etiam

208 3028 361 3096 fides,
403 3029 570 3080 fidem
612 3047 723 3082 non
763 3030 981 3083 amittet
1011 3048 1248 3099 omnem,
1290 3031 1422 3083 licet
1448 3049 1560 3084 eam.
1588 3032 1850 3099 amiserit,
1894 3049 2033 3102 quae
2061 3035 2314 3084 versatur
2341 3030 2484 3084 circa

209 3132 398 3167 omnes
439 3115 701 3168 veritates
741 3116 1104 3185 particulares
1145 3116 1214 3169 ab
1256 3115 1509 3170 Ecclesia
1550 3117 1823 3170 catholica
1863 3117 2189 3187 propositas

355 3199 633 3267 DiximuS,
677 3201 974 3271 scriptores
1003 3202 1298 3255 schematis
1328 3202 1396 3255 de
1427 3202 1676 3255 doctrina
1718 3202 1988 3256 catholica
2015 3202 2143 3255 huic
2172 3202 2481 3256 adnotasse,

207 3285 489 3338 schemate
530 3304 641 3338 non
684 3286 909 3339 excludi
951 3291 1312 3355 sententiam,
1363 3307 1523 3359 posse
1566 3288 1865 3359 aliquando
1907 3306 2006 3359 per
2049 3288 2306 3341 accidens
2347 3288 2466 3342 fieri
2545 3293 2547 3295 ’

207 3376 267 3422 111
307 3371 471 3424 1101110
515 3372 819 3424 catholicus
860 3373 977 3425 sine
1018 3379 1247 3442 peccato
1287 3373 1507 3428 formali
1549 3381 1740 3428 contra
1783 3374 1949 3426 fidem
1991 3378 2198 3427 sectam
2240 3375 2474 3445 aliquam

208 3459 592 3528 amplectatur.
648 3459 802 3521 Quae
833 3461 1056 3531 quidem
1087 3461 1369 3514 adnotatio
1400 3481 1499 3532 pro
1529 3468 1646 3515 tota
1674 3467 1861 3515 nostra
1891 3463 2267 3515 controversia
2293 3464 2475 3532 magni

208 3545 472 3598 momenti
522 3550 620 3599 est.
698 3545 895 3616 Neque
938 3547 1115 3614 enim,
1172 3548 1264 3617 qui
1316 3549 1539 3602 schema
1589 3548 1727 3601 illud
1779 3547 2181 3616 reformarunt,
2238 3549 2361 3620 plus
2413 3548 2476 3602 de

207 3634 394 3681 nostra
445 3647 505 3683 re
563 3630 746 3684 dicere
803 3632 1042 3685 voluisse
1100 3632 1363 3685 credendi
1416 3638 1571 3699 sunt,
1630 3651 1794 3704 quam
1848 3634 1940 3704 qui
1996 3635 2287 3704 pristinum
2342 3633 2476 3687 illud

358 3807 371 3834 ¹
412 3808 467 3856 O.
505 3810 566 3857 V.
605 3810 764 3859 5121).
954 3809 969 3836 ²
1008 3810 1140 3858 Ibid.
1324 3810 1339 3837 ³
1377 3812 1453 3860 De
1490 3816 1679 3859 natura
1718 3816 1769 3859 et
1805 3813 1975 3875 gratia
2013 3830 2054 3863 c.
2092 3815 2153 3861 ‘26
2192 3812 2384 3875 (Migne
2421 3812 2476 3859 P.

204 3884 261 3932 L.
298 3885 489 3948 XLIV,
527 3887 661 3946 261).
