2548 4290
769 195 1014 237 Comment.
1049 197 1129 236 ΙΙΙ.
1185 198 1252 237 De
1286 196 1330 239 S.
1365 196 1613 250 Scriptura.
2228 195 2295 245 59

82 351 137 400 et
173 343 443 397 infallibili
494 341 694 393 iudicio
734 339 884 391 illam
925 340 1346 409 explicationem
1387 340 1610 391 reiicere
1662 344 1859 409 posset.
1938 339 2117 399 Quum
2158 338 2296 390 Con-

82 427 326 500 gregatio
356 426 408 479 S.
439 424 619 477 Officii
647 423 866 476 Galileii
908 423 1208 475 doctrinam
1250 422 1315 474 de
1363 427 1509 473 motu
1539 428 1715 474 terrae
1749 428 2004 492 tanquam
2039 422 2091 474 S.
2123 421 2297 491 Scrip-

80 518 230 565 turae
283 508 607 560 contrariam
662 506 943 572 reiiceret,
1001 506 1218 557 erravit.
1298 504 1406 557 Sed
1457 523 1566 556 non
1607 509 1884 574 putamus,
1944 523 2061 558 earn
2103 506 2159 556 in
2194 505 2296 556 hoc

82 609 311 656 errasse,
371 590 512 659 quod
564 588 840 641 Ecclesiae
892 589 974 639 ius
1013 588 1287 640 tribuebat
1324 588 1472 639 locos
1514 587 1853 657 Scripturae,
1910 589 2000 657 qui
2039 589 2093 639 in
2135 604 2297 657 quae-

80 678 305 731 stionem
347 673 667 736 veniebant,
724 672 888 724 etiam
944 676 1167 724 eatenus
1208 670 1519 723 authentice
1558 672 1979 740 interpretandi,
2034 676 2298 740 quatenus

79 777 164 814 res
201 775 297 828 per
336 774 392 808 se
431 773 539 807 non
578 755 860 823 religiosas
900 755 1215 824 respiciunt.
1279 754 1497 805 Erravit
1535 755 1591 805 in
1633 754 1996 823 explicatione
2036 755 2296 807 locorum.

78 842 393 896 Doctrinam
447 857 643 891 novam
695 844 748 891 et
803 838 1101 890 inauditam
1157 838 1223 889 de
1276 843 1427 889 motu
1478 843 1685 903 terrae,
1742 855 1879 907 quae
1932 855 1994 889 eo
2051 843 2296 907 ternpore

78 942 252 995 neque
292 924 418 976 satis
458 922 677 992 probari
716 939 893 990 neque
923 926 1110 973 contra
1135 921 1466 974 obiectiones
1507 920 1727 973 defendi
1757 926 1982 989 poterat,
2024 921 2295 973 conciliari

77 1026 230 1080 posse
270 1007 507 1076 negabat
547 1024 668 1057 cum
707 1006 840 1057 locis
882 1006 933 1057 S.
976 1005 1312 1074 Scripturae,
1370 1005 1562 1074 quibus
1601 1010 1748 1057 terra
1785 1006 2008 1057 immota
2062 1009 2202 1055 stare
2246 1009 2299 1057 et

75 1092 155 1146 sol
195 1092 321 1144 oriri
374 1095 428 1142 et
467 1089 715 1142 occidere
757 1089 978 1154 dicitur,
1032 1089 1232 1157 quique
1286 1088 1354 1140 ad
1408 1088 1546 1139 illud
1597 1105 1768 1157 usque
1820 1094 2033 1158 tempus
2085 1105 2298 1157 semper

77 1193 234 1228 sensu
286 1173 459 1244 primo
509 1189 564 1224 se
619 1171 883 1224 offerente
940 1172 1201 1241 explicati
1253 1176 1435 1236 erant,
1492 1189 1656 1240 quum
1709 1172 1911 1223 nemini
1964 1172 2019 1222 in
2060 1176 2298 1223 mentem

78 1258 335 1322 venisset,
387 1274 496 1308 non
549 1255 675 1307 solis
716 1255 809 1306 sed
850 1260 1029 1306 terrae
1071 1259 1219 1307 motu
1272 1254 1379 1305 diei
1432 1259 1593 1323 atque
1647 1255 1817 1306 noctis
1869 1255 2299 1306 vicissitudinem

76 1342 251 1394 locum
291 1339 509 1392 habere.
586 1338 897 1406 Supremam
938 1337 1214 1389 Ecclesiae
1255 1337 1524 1401 tribunal,
1580 1337 1622 1388 si
1663 1337 1986 1389 sententiam
2029 1337 2094 1389 de
2135 1338 2295 1388 inter-

75 1423 378 1495 pretatione
421 1440 562 1474 nova
601 1422 828 1486 tulisset,
871 1422 937 1472 ab
978 1421 1071 1472 illo
1114 1438 1295 1472 errore
1336 1427 1609 1472 servatum
1651 1426 1790 1472 esset
1829 1421 2086 1472 immune.

217 1505 410 1576 Itaque
467 1505 874 1570 contendimus,
926 1504 1043 1556 fieri
1098 1521 1284 1573 posse,
1351 1509 1409 1555 ut
1459 1504 1701 1556 Ecclesia
1750 1504 1948 1555 iudicio
2003 1504 2297 1570 definitivo,

79 1590 193 1660 quis
233 1590 300 1641 sit
338 1607 525 1641 sensus
566 1589 790 1641 alicuius
818 1589 922 1640 loci
951 1588 1003 1640 S.
1034 1588 1363 1656 Scripturae,
1406 1588 1569 1639 etiam
1609 1588 1664 1638 in
1704 1605 1761 1639 re
1804 1605 1900 1656 per
1934 1605 1987 1638 se
2031 1605 2138 1638 non
2177 1588 2300 1639 reli-

78 1674 242 1743 giosa,
285 1672 540 1737 declaret,
582 1673 658 1724 ita
696 1679 755 1724 ut
795 1673 955 1724 aliam
986 1672 1410 1741 explicationem
1451 1672 1601 1741 sequi
1642 1689 1750 1723 non
1778 1671 1884 1722 iam
1913 1671 2092 1723 liceat.
2148 1671 2297 1731 Quae

79 1757 293 1827 quidem
336 1758 579 1826 quaestio
620 1757 858 1826 practice
912 1756 1095 1823 magni
1137 1755 1394 1807 momenti
1447 1773 1555 1807 non
1612 1761 1707 1808 est.
1787 1755 1842 1807 Si
1885 1756 2029 1807 enim
2072 1756 2297 1820 accidat,

76 1844 136 1892 ut
173 1840 418 1892 Ecclesia
458 1840 783 1892 sententiam
826 1839 1162 1890 definitivam
1214 1838 1280 1890 de
1321 1856 1481 1890 sensu
1534 1839 1760 1890 0110111115
1812 1839 1916 1890 1001
1957 1857 2054 1908 per
2095 1856 2149 1890 se
2191 1857 2299 1891 non

76 1923 314 1992 religiosi
354 1923 521 1990 ferat,
564 1924 725 1975 etiam
767 1923 826 1988 15,
869 1923 959 1991 (1111
1001 1922 1369 1988 00111011(10111,
1411 1923 1465 1973 111
1505 1922 1666 1973 rebus
1707 1940 1815 1972 non
1856 1922 2121 1990 religiosis
2161 1923 2299 1974 iudi-

78 2006 218 2058 cium
275 2006 339 2058 de
395 2024 553 2058 sensu
597 2005 646 2056 S.
689 2006 1001 2075 Scripturae
1058 2005 1127 2057 ad
1177 2005 1475 2057 Ecclesiam
1530 2023 1638 2057 non
1691 2011 1965 2074 spectare,
2021 2006 2298 2059 Ecclesiae

79 2091 375 2142 sententiae
417 2107 473 2142 se
514 2090 782 2142 subiicere
825 2089 1002 2153 debet,
1046 2107 1209 2157 quum
1254 2089 1495 2158 quaestio
1539 2088 1603 2140 de
1645 2088 1850 2139 ambitu
1890 2091 2170 2158 potestatis
2198 2090 2298 2141 Ec-

79 2172 277 2225 clesiae
318 2173 566 2243 profecto
607 2173 675 2224 ad
717 2174 830 2225 eius
868 2173 1036 2240 ipsius
1077 2172 1315 2223 tribunal
1356 2177 1578 2240 spectet.

224 2256 331 2308 Sed
371 2256 502 2308 haec
543 2256 608 2308 de
650 2274 713 2308 ea
753 2257 867 2308 sola
896 2256 1208 2325 Scripturae
1238 2256 1603 2324 explicatione
1633 2256 1833 2321 valent,
1864 2273 2022 2324 quam
2053 2256 2299 2309 Ecclesia

76 2341 284 2392 solemni
315 2340 505 2392 iudicio
543 2341 813 2410 proponit.
867 2339 1134 2407 Theologi
1176 2343 1374 2405 autem,
1415 2357 1579 2408 quum
1615 2339 1817 2404 dicunt,
1858 2340 1912 2391 in
1941 2340 2119 2406 rebUS,
2161 2359 2298 2409 quae

79 2422 146 2475 ad
185 2423 346 2475 fidem
385 2430 438 2475 et
479 2441 653 2476 mores
693 2441 800 2475 non
842 2429 1114 2492 spectant,
1156 2423 1338 2474 recedi
1379 2440 1533 2492 posse
1575 2440 1606 2473 a
1646 2441 1833 2491 sensu,
1892 2441 2084 2493 „quem
2126 2426 2301 2476 tenuit

81 2522 142 2558 ac
180 2510 330 2558 tenet
383 2525 422 2558 s.
463 2512 637 2558 mater
676 2506 974 2573 Ecclesia“,
1032 2506 1097 2557 de
1150 2524 1212 2557 ea
1255 2506 1621 2575 explicatione
1678 2507 2004 2575 loquuntur,
2059 2526 2197 2576 quae
2237 2509 2300 2560 ab

79 2588 343 2640 ordinario
382 2588 629 2640 Ecclesiae
666 2591 955 2657 ‘tnayisteroe'o
1005 2589 1091 2640 vel
1129 2606 1370 2640 consensu
1407 2589 1627 2640 Parrum
1668 2591 2018 2659 proponitur,
2072 2609 2300 2660 eamque

82 2678 227 2722 certe
268 2672 430 2722 etiam
466 2672 583 2741 ipsa
620 2672 863 2724 Concilia
902 2672 969 2724 ob
1013 2673 1195 2724 oculos
1236 2673 1542 2724 habuerunt
1567 2673 1597 2723 ¹.
1664 2672 1746 2724 Ac
1789 2673 2030 2741 profecto
2069 2675 2162 2724 vix
2205 2693 2301 2725 un-

81 2771 242 2823 quam
281 2755 367 2805 vel
409 2772 683 2824 nunquam
723 2761 901 2824 potest
941 2761 1157 2807 exstare
1199 2755 1456 2824 obligatio
1498 2756 1598 2806 hac
1639 2756 1692 2806 in
1733 2774 1819 2820 re,
1863 2774 2000 2825 quae
2041 2758 2302 2826 religiosa

80 2855 189 2890 non
229 2843 325 2904 est,
368 2839 646 2907 sequendi.
710 2839 866 2891 Licet
895 2840 1037 2890 enim
1081 2839 1311 2890 ambitus
1354 2838 1565 2904 obiecti,
1608 2840 1749 2890 circa
1790 2840 1932 2908 quod
1967 2840 2299 2892 ordinarium

82 2920 360 2973 Ecclesiae
400 2922 771 2990 magisterium
811 2928 1084 2986 versatur,
1126 2922 1271 2974 idem
1312 2922 1378 2972 sit
1419 2926 1581 2990 atque
1622 2921 1773 2987 illud,
1818 2923 1957 2974 circa
1998 2923 2141 2991 quod
2182 2941 2299 2975 ver-

81 3009 227 3055 satur
281 3005 803 3071 extraordinarium,
859 3004 1106 3056 Ecclesia
1160 3012 1371 3070 tamen,
1438 3022 1602 3073 quum
1659 3005 1930 3057 ordinario
1986 3007 2299 3074 magisterio

81 3086 415 3157 Scripturam
461 3089 726 3157 explicat,
768 3106 862 3139 seu
904 3089 1113 3153 PatreS,
1156 3106 1319 3157 quum
1362 3106 1480 3140 eam
1524 3089 1818 3158 explicant,
1859 3107 1961 3155 105,
2001 3107 2138 3158 quae
2178 3091 2299 3141 reli-

81 3170 264 3238 giosae
303 3189 411 3223 non
451 3177 601 3238 sunt,
649 3172 946 3224 secundum
1000 3172 1218 3223 obvium
1271 3177 1324 3223 et
1374 3173 1546 3240 primo
1600 3190 1655 3223 se
1697 3172 2017 3224 offerentem
2055 3174 2297 3224 locorum

7 3283 12 3286 -
83 3271 297 3306 sensum
341 3256 494 3307 obiter
532 3256 777 3307 referunt
817 3273 993 3324 neque
1033 3257 1086 3307 in
1127 3256 1190 3306 iis
1232 3255 1489 3307 docendis
1541 3256 1629 3307 vel
1679 3256 1957 3308 tradendis
1998 3263 2298 3308 versantur.

83 3336 138 3388 Si
179 3339 294 3407 quis
331 3339 496 3407 igitur
524 3340 578 3390 in
606 3340 765 3391 rebus
802 3339 1086 3404 historicis,
1128 3339 1379 3408 physicis,
1421 3339 1646 3408 aliisque
1686 3340 1948 3391 similibus
1989 3341 2298 3409 opinionem

84 3419 183 3471 sibi
222 3421 553 3490 sequendam
594 3427 764 3492 putat,
809 3439 947 3491 quae
990 3439 1111 3472 cum
1142 3422 1194 3473 S.
1226 3421 1506 3491 Scriptura
1547 3423 1660 3473 sine
1700 3423 1753 3473 vi
1793 3422 1971 3474 verbis
1999 3423 2149 3473 illata
2178 3440 2299 3474 con-

84 3502 252 3555 ciliari
292 3509 484 3573 potest,
525 3505 774 3557 libertate
814 3505 964 3556 illam
1005 3505 1316 3573 opinionem
1357 3505 1619 3574 sequendi
1661 3523 1768 3557 non
1802 3506 2045 3574 privatur
2085 3511 2300 3574 propte-

83 3602 190 3652 rea,
232 3588 357 3655 quia
395 3588 450 3638 in
489 3588 736 3640 Ecclesia
775 3594 953 3640 exstat
993 3588 1218 3639 alicuius
1259 3589 1363 3640 1001
1392 3589 1445 3640 S.
1473 3589 1785 3658 Scripturae
1816 3589 2130 3658 explicatiO,
2159 3606 2297 3657 quae

85 3684 204 3721 cum
246 3671 338 3722 illa
379 3672 631 3740 opinione
671 3672 946 3723 conciliari
981 3672 1185 3740 nequit.
1264 3671 1422 3731 Quod
1463 3689 1567 3740 quo
1608 3672 1724 3723 iure
1767 3671 2002 3738 dicatur,
2045 3672 2298 3740 exemplo

84 3751 378 3804 illustratur
419 3754 672 3806 historiae
712 3756 1018 3824 systematis
1058 3754 1445 3823 Kopernicani⁵

231 3918 244 3944 ¹
284 3917 357 3966 Of.
395 3919 542 3966 Ratio
580 3924 673 3966 etc.
746 3920 798 3967 C.
837 3921 897 3967 V.
934 3921 1056 3967 80b.
1127 3920 1202 3967 Of.
1242 3936 1397 3982 supra
1434 3937 1482 3980 p.
1521 3922 1598 3965 54.
