2548 4290
210 113 313 164 118
632 113 746 154 Pars
779 111 838 153 11.
896 109 1052 154 Const.
1087 111 1143 153 de
1174 111 1399 154 Ecclesia.
1464 109 1573 166 Cap.
1609 111 1645 152 I.
1701 112 1817 154 Eius
1850 112 2055 154 historia.

203 258 273 313 ob
315 276 537 313 causam
565 259 763 312 Patres
804 258 1056 328 deputati
1096 258 1226 311 huic
1267 256 1545 311 secundae
1587 258 1938 329 paragrapho
1991 258 2211 312 tertiam
2253 257 2483 312 addide-

201 350 362 411 runt,
419 361 528 414 qua
567 343 972 415 Episcoporum
1024 343 1287 414 potestati
1342 342 1644 413 quidquam
1696 344 2005 397 timendum
2057 360 2175 397 esse
2227 349 2483 415 negatur,

200 434 366 499 atque
406 428 574 481 etiam
615 428 699 480 his
748 428 805 480 in
858 446 1017 481 suum
1070 428 1270 498 cuique
1323 445 1555 497 gregem
1608 427 1930 482 immediata
1981 433 2147 500 atque
2201 428 2486 482 ordinaria

201 518 445 584 potestas
486 513 837 568 ascribitur1.

348 597 545 668 Itaque
588 603 865 667 potestate
907 598 1211 670 episcopali
1241 596 1453 650 Summi
1481 597 1782 666 Pontifieis,
1824 598 2002 670 qualis
2029 599 2085 651 in
2127 599 2484 670 paragrapho

198 682 442 735 secunda
483 682 764 754 descripta
805 689 914 748 est,
966 701 1076 736 non
1118 683 1264 737 offici
1318 684 1581 753 potestati
1621 683 2052 755 Episcoporum,
2106 684 2272 737 tertia
2323 702 2481 755 para-

197 767 412 839 grapho
455 786 720 839 expresse
763 769 1101 822 enuntiatur.
1182 768 1394 830 Quarta
1437 769 1779 836 declaratur,
1825 769 2053 823 Summo
2096 769 2356 823 Pontifici
2397 769 2485 822 ius

347 969 392 1029 c)
432 986 491 1019 eo
530 971 639 1034 ipso
677 971 816 1034 quod
842 972 1108 1020 Romanus
1135 971 1382 1021 Pontifex
1408 976 1709 1021 constanter
1748 973 1936 1021 dicitur
1974 975 2152 1035 pastor
2190 987 2484 1035 supremus„

195 1046 282 1094 alii
319 1051 556 1110 pastores
593 1049 867 1115 inferiores
905 1054 956 1098 et
992 1051 1204 1100 obnoxii
1232 1050 1618 1113 significantur,
1656 1055 1707 1100 et
1745 1067 1860 1099 cum
1897 1050 2033 1099 idem
2058 1050 2324 1099 Romanus
2350 1049 2485 1099 Pon-

196 1125 325 1173 tifex
375 1126 564 1175 dicitur
612 1131 912 1177 constanter
956 1133 1136 1192 pastor
1184 1129 1522 1190 universalis,
1573 1129 1932 1193 significantur
1980 1132 2219 1192 pastores
2255 1128 2484 1192 particu-

195 1202 345 1252 lares,
420 1205 552 1254 Sane

344 1282 395 1343 d)
434 1284 484 1332 in
513 1285 682 1347 capite
709 1284 907 1333 decimo
935 1284 1235 1345 (schematis
1261 1284 1489 1349 pristini)
1518 1285 1581 1335 de
1607 1285 1843 1334 Ecclesia
1869 1284 2061 1334 Christi
2090 1300 2194 1333 non
2232 1284 2334 1333 alia
2359 1284 2485 1347 Epi-

194 1360 363 1423 scopis
400 1363 652 1412 asseritur
687 1367 949 1426 potestas,
989 1380 1144 1427 quam
1181 1364 1318 1426 ipsa,
1362 1381 1494 1428 quae
1531 1364 1795 1413 ordinaria
1832 1380 1890 1412 ac
1928 1363 2225 1412 immediata
2264 1365 2371 1424 est3
2412 1378 2479 1422 ez,

346 1437 393 1499 e)
433 1441 572 1503 quod
609 1441 661 1488 in
700 1441 1039 1490 adnotatione
1078 1443 1156 1490 64.
1193 1457 1241 1504 p.
1273 1445 1383 1491 199.
1421 1443 1473 1489 in
1512 1443 1774 1491 schemate
1812 1441 1874 1490 de
1911 1441 2148 1490 Ecclesia
2180 1440 2482 1504 exponitur,

193 1517 477 1565 secundum
516 1518 563 1566 S.
602 1518 854 1567 Thomam
891 1519 980 1567 illa
1018 1519 1146 1568 duo:
1197 1520 1384 1568 Pastor
1437 1536 1712 1583 supremus
1761 1520 1991 1583 itemque
2040 1518 2378 1581 universalis,
2427 1521 2483 1566 et

192 1598 428 1657 pastores
464 1596 737 1645 inferiores
774 1597 1004 1660 itemque
1040 1597 1412 1660 particulares,
1451 1598 1748 1646 nullatenus
1787 1602 1950 1646 semet
1988 1597 2304 1659 excludunt3
2357 1611 2475 1645 con-

194 1675 305 1733 tra,
358 1676 561 1722 tantum
599 1675 770 1736 abest,
819 1680 878 1722 ut
925 1690 1017 1737 per
1052 1675 1277 1738 priorem
1314 1675 1454 1723 illam
1506 1676 1692 1724 summi
1739 1675 1962 1739 pastoris
2000 1678 2311 1738 potestatem
2350 1674 2480 1723 hae}

192 1750 359 1800 altera
396 1754 740 1802 obnoxiorum
779 1758 1047 1817 pastorum
1084 1754 1426 1817 impediatur,
1475 1758 1533 1803 ut
1570 1770 1662 1817 per
1700 1770 1811 1803 eam
1851 1754 2175 1815 stabiliatur,
2224 1753 2479 1813 firmetur,

190 1829 510 1890 vindicetur3
560 1832 636 1880 uti
685 1832 798 1880 vice
833 1848 985 1880 versa
1020 1847 1113 1895 per
1147 1833 1280 1881 hanc
1328 1832 1548 1881 alteram
1586 1832 1894 1881 inferiorum
1944 1835 2212 1895 pastorum
2250 1834 2481 1895 potesta·

192 1912 295 1957 tem
333 1910 560 1972 supremi
597 1911 821 1973 pastoris
858 1915 1091 1974 potestas
1128 1927 1232 1960 non
1270 1911 1623 1975 impedienda,
1674 1912 1763 1960 sed
1797 1911 2052 1972 iuvanda,
2093 1909 2480 1973 asserendaquo

196 1991 290 2035 est.
352 1986 502 2036 Unde

337 2065 378 2124 f)
417 2082 532 2114 cum
572 2068 858 2130 excipitur,
911 2068 1108 2117 nullam
1144 2068 1384 2117 Pontifici
1434 2068 1766 2117 asserendam
1815 2071 2132 2131 potestatem
2182 2082 2325 2128 esse,
2377 2066 2478 2114 nis'.

192 2159 325 2206 quae
363 2145 431 2193 sit
466 2146 759 2209 possibilis,
799 2147 850 2195 id
889 2150 993 2209 est,
1044 2147 1277 2196 exerceri
1314 2148 1377 2196 ab
1416 2147 1529 2210 ipso
1567 2147 1763 2208 possit3
1817 2146 1972 2194 talem
2012 2150 2186 2195 autem
2223 2161 2327 2194 non
2365 2161 2482 2194 esse

188 2226 503 2284 potestatem
542 2224 913 2286 immediatam,
954 2240 1087 2288 quae
1124 2225 1199 2272 illi
1236 2225 1517 2274 asseritur:
1565 2224 1911 2288 respondetur
1941 2225 2126 2286 prime,
2163 2227 2467 2287 potestaten:

189 2315 419 2362 omnem,
460 2318 615 2366 quam
655 2302 894 2351 Christus
931 2303 1186 2351 Dominus
1222 2319 1408 2365 reapse
1445 2303 1689 2364 instituit,
1726 2303 2024 2365 possibilem
2063 2319 2202 2364 esse3
2250 2302 2470 2351 instituit

188 2385 363 2430 autem
401 2382 452 2449 in
488 2383 644 2431 beato
671 2382 830 2431 Petro
867 2387 1181 2446 potestatem
1218 2383 1374 2444 illam,
1416 2399 1517 2447 qua
1556 2383 1619 2431 de
1655 2383 1846 2446 agitur.
1895 2382 2261 2446 Respondetur
2287 2383 2471 2442 deinde,

191 2460 551 2522 exceptionem
600 2476 629 2508 a
678 2460 812 2509 falsa
848 2460 1107 2523 proficisci
1158 2461 1436 2524 hypothesi
1483 2461 1566 2509 vel
1614 2464 1952 2524 praepostera
2002 2460 2351 2523 explicatione
2388 2476 2472 2522 po-

190 2538 396 2586 testatis
433 2538 789 2599 immediatae,
830 2554 965 2602 quae
1001 2539 1236 2588 Romano
1273 2538 1514 2588 Pontifici
1552 2539 1830 2588 asseritur:
1890 2538 2038 2602 quasi
2075 2538 2473 2601 significaretur,

189 2619 280 2664 aut
317 2616 631 2681 Episcopos,
682 2618 769 2681 qui
808 2622 929 2666 sunt
964 2621 1204 2681 pastores
1242 2617 1616 2680 particulares,
1672 2633 1775 2665 non
1825 2631 1936 2665 esse
1983 2617 2035 2664 in
2071 2617 2310 2665 Ecclesia
2361 2616 2474 2665 iure

188 2694 361 2743 divino
401 2711 602 2758 semper
640 2695 856 2757 debere,
909 2699 1001 2744 aut
1033 2695 1323 2744 Romanum
1361 2694 1666 2744 Pontificem
1704 2710 1886 2758 regere
1923 2711 2154 2759 unquam
2192 2710 2343 2758 posse
2380 2694 2476 2743 Ec-

188 2772 396 2821 clesiam
444 2775 641 2837 absque
689 2774 962 2837 Episcopis
1015 2789 1107 2822 seu
1159 2774 1459 2836 pastoribus
1510 2772 1931 2837 particularibus.
2002 2773 2197 2822 Verum
2249 2788 2475 2836 namque

187 2855 281 2911 est,
319 2851 609 2900 Romanum
642 2851 947 2901 Pontificem
984 2852 1059 2901 ita
1096 2852 1291 2902 habere
1328 2855 1643 2915 potestatem
1682 2851 1995 2900 ordinariam
2034 2855 2086 2900 et
2121 2851 2473 2899 immediatam

186 2929 237 2977 in
278 2931 570 2978 universam
609 2930 913 2992 Ecclesiam,
953 2934 1011 2979 ut
1049 2946 1114 2978 ex
1152 2934 1352 2980 statuto
1392 2931 1641 2979 divinitus
1679 2930 1860 2978 ordine
1897 2931 1948 2977 in
1987 2934 2186 2992 partem
2225 2929 2475 2978 sollicitu-

188 3007 321 3056 dinis
357 3013 509 3057 vocet
545 3009 833 3072 Episcopos
885 3009 1262 3071 particulares,
1319 3010 1406 3073 qui
1458 3012 1720 3071 potestate
1769 3007 2034 3057 ordinaria
2083 3011 2135 3056 et
2173 3006 2475 3055 immediata

186 3086 530 3149 particulares
569 3087 665 3136 sibi
704 3087 1006 3136 commissos
1043 3103 1230 3150 greges
1268 3091 1484 3150 pascant
1522 3092 1575 3136 et
1611 3083 1843 3150 regant.“

338 3167 353 3194 ¹
392 3168 472 3215 Ex
520 3169 651 3217 actis
701 3173 799 3217 etc.
873 3168 927 3217 O.
966 3169 1030 3218 V.
1083 3170 1276 3218 1681b.
1305 3185 1346 3218 c.
1385 3195 1447 3201 -
1500 3168 1670 3226 Quum
1719 3172 1903 3231 postea
1951 3166 2202 3229 suffragia
2251 3167 2313 3216 de
2361 3170 2474 3216 tota

187 3243 576 3294 Constitutione
623 3246 917 3308 ferrentur,
966 3262 1100 3295 unus
1151 3263 1215 3295 ex
1251 3247 1497 3295 Patribus
1537 3246 1789 3308 suffragio
1831 3244 2070 3306 „Placeta
2121 3244 2256 3292 hanc
2297 3245 2475 3293 condi-

184 3322 378 3371 tionem
416 3323 624 3386 adiecit,
661 3328 718 3372 ut
755 3324 914 3372 tertia
951 3325 1308 3387 paragraphus
1346 3325 1694 3373 omitteretur.
1745 3322 2117 3384 (Exceptiones
2155 3326 2250 3371 etc.
2313 3321 2368 3371 O.
2405 3323 2471 3371 V.

185 3402 280 3448 439
295 3416 340 3449 a.
367 3400 438 3461 b.)
485 3401 786 3464 Respondet
811 3402 971 3450 Rffius
997 3402 1179 3450 Zinelli
1215 3403 1267 3450 in
1293 3402 1547 3452 relatione
1587 3402 1648 3450 dc
1675 3399 2070 3463 exceptionibus
2097 3416 2126 3447 a
2145 3399 2390 3450 Patribus
2416 3401 2469 3449 in

185 3493 296 3541 cap.
333 3479 545 3527 tertium
583 3479 735 3528 factis
775 3478 852 3540 (O.
889 3480 953 3528 V.
991 3481 1086 3527 469
1106 3478 1198 3539 c.):
1252 3480 1410 3541 „Vult
1445 3480 1608 3528 Rffius
1644 3478 1829 3539 Pater,
1878 3481 2044 3526 totam
2084 3478 2467 3541 paragraphum

185 3555 467 3619 eliminari,
517 3558 667 3620 quia:
720 3559 761 3605 1.
800 3557 1026 3618 inutilis,
1066 3559 1110 3605 2.
1149 3558 1475 3607 reverentiae
1513 3556 1709 3606 Summi
1745 3553 2012 3603 Pontificis
2050 3571 2231 3617 parum
2269 3571 2472 3604 accom-

184 3634 410 3696 modata,
448 3637 495 3682 3.
529 3636 582 3683 in
618 3636 1073 3698 argumentatione
1109 3651 1215 3684 non
1253 3636 1378 3684 satis
1416 3639 1679 3684 accurata.
1729 3634 1801 3682 At
1836 3633 2020 3696 primo,
2059 3637 2264 3682 tantum
2301 3633 2468 3695 abest,

184 3714 243 3760 ut
269 3712 335 3760 sit
360 3713 574 3774 inutilis,
613 3714 752 3777 quod
776 3714 1072 3761 necessaria
1098 3713 1306 3761 omnino
1334 3714 1435 3762 fuit
1464 3713 1694 3762 iudicata
1719 3711 1784 3759 ad
1811 3711 2231 3760 satisfaciendum
2270 3712 2469 3760 centies

184 3789 419 3852 repetitis
445 3790 827 3841 obiectionibus
852 3790 1079 3852 illorum,
1118 3791 1207 3854 qui
1234 3791 1503 3853 timebant,
1541 3806 1607 3838 ne
1631 3805 1724 3853 per
1749 3792 2003 3837 assertam
2031 3789 2265 3837 Romano
2292 3788 2468 3838 Ponti-

183 3866 267 3914 fici
314 3868 683 3916 auctoritatem
723 3884 844 3917 vere
884 3868 1260 3932 episcopalem,
1303 3868 1619 3917 ordinariam
1657 3871 1709 3915 et
1756 3866 2106 3914 immediatam
2155 3866 2208 3913 in
2248 3866 2468 3928 singulis

184 3944 536 4007 dioecesibus,
588 3947 653 3994 ad
689 3946 908 3994 nihilum
949 3946 1275 4009 redigeretur
1313 3951 1364 3995 et
1401 3950 1682 4009 negaretur
1719 3949 1949 4007 potestas
1986 3944 2309 4007 singulorum
2346 3944 2467 4008 Epi-
