2548 4290
466 184 577 225 Eius
609 196 707 236 cap.
737 183 820 224 ΙΙΙ.
874 184 944 224 De
974 184 1073 224 fide.
1138 183 1246 237 Cap.
1278 185 1358 226 IV.
1412 186 1481 226 De
1510 185 1597 227 fide
1628 190 1671 227 et
1701 189 1887 227 ratione.
2222 187 2289 238 89

83 334 303 400 agentes
340 327 459 379 Deo
499 327 678 392 Patri,
728 327 818 395 qui
868 325 1060 395 dignos
1109 345 1205 379 nos
1255 327 1384 379 fecit
1432 329 1488 379 in
1527 334 1735 397 partem
1786 330 1943 382 sortis
1983 335 2291 382 sanctorum

82 415 137 467 in
181 411 414 474 lumine,
470 414 677 461 tantam
727 426 795 461 ne
847 409 1188 478 negligamus
1238 410 1499 477 salutem,
1551 412 1646 463 sed
1695 413 2018 481 aspicientes
2067 413 2123 464 in
2172 429 2294 463 auc-

82 503 251 551 torem
288 493 414 547 fidei
455 498 508 545 et
547 498 1036 544 consummatorem
1074 493 1287 558 Iesum,
1342 499 1623 546 teneamus
1673 495 1790 564 spei
1829 500 2042 548 nostrae
2085 494 2292 548 confes-

81 581 286 634 sionem
323 575 781 628 indeclinabilem.

988 729 1239 782 CAPUT
1280 730 1377 781 IV.

943 853 1002 897 De
1033 853 1112 898 fide
1144 854 1189 898 et
1220 854 1385 899 ratione
1406 857 1433 899 ¹.

226 965 320 1033 [1.]
359 964 482 1017 Hoc
523 983 735 1035 quoque
776 974 1072 1035 perpetuus
1111 968 1392 1021 Ecclesiae
1442 969 1740 1021 catholicae
1791 986 2085 1021 consensus
2124 969 2298 1020 tenuit

84 1055 137 1103 et
175 1053 341 1115 tenet,
385 1047 658 1118 duplicem
699 1067 815 1101 esse
858 1050 1104 1102 ordinem
1145 1052 1486 1120 cognitioniS‚
1527 1071 1636 1104 non
1675 1053 1848 1105 solum
1875 1052 2160 1123 principiO,
2202 1052 2296 1104 sed

83 1133 292 1187 obiecto
343 1131 507 1184 etiam
548 1131 888 1184 distinctum:
952 1133 1212 1202 principio
1255 1134 1502 1203 quidem,
1556 1136 1680 1204 quia
1731 1136 1786 1187 in
1838 1136 2007 1188 altero
2063 1135 2299 1187 naturali

81 1216 304 1281 ratione,
333 1216 388 1267 in
416 1216 587 1268 altero
616 1216 722 1268 fide
751 1216 934 1268 divina
962 1219 1336 1285 cognoscimus
1355 1216 1405 1283 ²3
1449 1218 1660 1270 obiecto
1693 1225 1892 1286 autem,
1931 1220 2057 1288 quia
2084 1223 2299 1287 praeter

84 1316 172 1366 ea,
224 1298 293 1350 ad
332 1316 471 1368 quae
512 1299 774 1350 naturalis
814 1300 951 1351 ratio
993 1301 1304 1369 pertingere
1344 1306 1547 1370 potest,
1601 1302 1874 1353 credenda
1912 1302 2066 1353 nobis
2106 1319 2300 1371 propo-

83 1387 281 1436 nuntur
320 1383 581 1451 mysteria
619 1384 674 1432 in
713 1382 833 1434 Deo
875 1383 1220 1448 abscondita,
1263 1401 1429 1452 quae,
1471 1384 1573 1435 nisi
1612 1385 1855 1436 revelata
1895 1385 2182 1450 divinituS,
2222 1384 2301 1434 in-

83 1470 360 1519 notescere
400 1483 509 1517 non
548 1471 772 1534 possunt
791 1464 826 1518 ³.
881 1466 1147 1526 Quocirca
1173 1467 1487 1536 ApostoluS,
1530 1468 1620 1536 qui
1648 1486 1679 1519 a
1706 1468 1959 1536 gentibus
1986 1468 2166 1520 Deum
2206 1485 2302 1535 per

86 1566 165 1616 ea,
205 1566 344 1618 quae
382 1548 526 1601 facta
565 1555 706 1616 sunt,
748 1551 1024 1618 cognitum
1054 1567 1170 1601 esse
1200 1556 1445 1616 testatur,
1488 1551 1756 1603 disserens
1795 1557 1979 1603 tamen
2020 1552 2086 1603 de
2127 1551 2303 1619 gratia

88 1637 141 1686 et
176 1633 422 1699 veritate,
464 1651 600 1702 quae
642 1651 740 1703 per
778 1634 960 1686 Iesum
1002 1635 1275 1686 Christum
1315 1635 1460 1686 facta
1499 1640 1580 1687 est
1598 1635 1663 1700 a),
1704 1636 2046 1705 pronuntiat:
2103 1634 2302 1703 Loqui-

86 1734 204 1768 mur
230 1715 336 1768 Dei
374 1717 695 1785 sapientiam
735 1717 790 1768 in
830 1718 1108 1787 mysteriO,
1151 1736 1289 1786 quae
1330 1718 1649 1770 abscondita
1677 1723 1774 1785 est,
1817 1736 1976 1787 quam
2004 1717 2302 1788 praedesti-

82 1800 230 1852 navit
269 1800 418 1852 Deus
457 1806 582 1852 ante
623 1802 838 1853 saecula
878 1802 933 1852 in
973 1802 1200 1870 gloriam
1243 1809 1513 1866 nostram,
1571 1819 1732 1871 quam
1784 1820 1943 1853 nemo
1994 1802 2302 1871 principum

84 1883 241 1937 huius
279 1885 482 1936 saeculi
534 1887 815 1954 cognovit:
860 1915 925 1921 -—
967 1886 1121 1938 nobis
1162 1892 1343 1938 autem
1397 1887 1661 1938 revelavit
1699 1887 1850 1938 Deus
1903 1904 2000 1955 per
2041 1886 2303 1953 Spiritum

36 2003 39 2008 ι
84 1985 267 2019 suum:
312 1967 542 2035 Spiritus
584 1969 727 2019 enim
764 1969 945 2020 omnia
974 1974 1259 2034 scrutatur,
1302 1970 1463 2021 etiam
1506 1969 1773 2038 profunda
1812 1969 1917 2021 Dei
1935 1970 2004 2032 b).
2079 1969 2149 2020 Et
2189 1969 2303 2037 ipsc

227 2120 276 2178 a)
313 2121 454 2168 Ioan.
492 2123 532 2178 1,
576 2124 646 2169 17.
824 2122 873 2178 b)
914 2123 952 2169 Ι.
991 2121 1106 2170 Cor.
1144 2122 1186 2180 2,
1228 2124 1366 2169 7—9.

85 2245 373 2306 magisterio
411 2246 743 2305 susceperint,
782 2246 888 2292 sine
924 2249 1134 2306 peccato
1172 2246 1373 2291 formali
1402 2246 1609 2292 eandem
1635 2245 1780 2292 fidem
1808 2250 2007 2292 mutare
2031 2246 2111 2292 vel
2136 2246 2187 2292 in
2213 2245 2302 2291 du-

84 2323 220 2371 bium
238 2337 421 2369 vocare
439 2336 540 2368 non
559 2336 721 2381 posse,
747 2338 792 2370 v.
812 2337 964 2383 supra
986 2337 1093 2382 cap.
1114 2322 1180 2368 Π.
1202 2326 1467 2369 comment.
1487 2322 1576 2369 IV.
1596 2339 1641 2383 p.
1661 2324 1719 2368 61
1742 2338 1849 2383 sqq.
1896 2322 2091 2369 Ibidem
2110 2338 2158 2370 v.
2175 2322 2302 2368 Her-

85 2399 227 2447 mesii
274 2399 589 2460 aliorumque
628 2398 936 2458 doctrinam,
986 2413 1115 2458 quae
1153 2398 1412 2444 doctrinae
1448 2399 1542 2445 hoc
1577 2398 1688 2444 loco
1739 2398 1974 2444 definitae
2013 2398 2303 2459 opponitur.

233 2474 248 2502 ¹
284 2475 454 2522 Prima
490 2479 539 2522 et
574 2475 735 2522 altera
771 2475 950 2535 capitis
986 2475 1335 2535 paragraphus
1384 2475 1651 2535 desumpta
1698 2477 1775 2520 est
1811 2490 1875 2521 ex
1922 2474 2088 2535 capite
2126 2475 2301 2535 quinto

87 2552 358 2600 schematis
396 2552 457 2597 de
495 2551 728 2598 doctrina
763 2551 1014 2598 catholica
1042 2550 1116 2607 (O.
1144 2551 1205 2597 V.
1232 2552 1324 2596 509
1340 2566 1381 2598 c.
1407 2549 1474 2610 d),
1513 2551 1666 2597 tertia
1692 2565 1753 2597 ex
1780 2550 2004 2597 eiusdem
2030 2550 2195 2610 capite
2222 2550 2304 2596 de-

89 2628 218 2675 cimo
255 2626 330 2684 (O.
366 2628 427 2674 V.
466 2629 598 2673 5120
637 2625 794 2689 sqq.),
847 2631 1030 2687 quarta
1064 2628 1225 2687 primo
1263 2627 1436 2673 addita
1472 2627 1523 2673 in
1560 2626 1815 2673 schemate
1851 2625 2090 2674 Patribus
2126 2641 2305 2687 propo-

90 2704 186 2751 sito
225 2703 301 2762 (O.
339 2703 400 2751 V.
428 2705 486 2750 75
501 2704 548 2750 b.
576 2701 637 2762 c),
678 2703 826 2764 eique
862 2703 1054 2748 inserta
1090 2703 1140 2748 in
1166 2702 1572 2763 Congregatione
1608 2702 1832 2763 generali
1870 2701 2123 2748 sententia
2162 2700 2307 2761 „Non

5 2789 13 2797 ‘
90 2780 222 2827 enim
259 2817 268 2826 .
308 2816 319 2827 .
357 2817 367 2827 .
404 2776 727 2841 perducere“.
777 2777 852 2836 (C.
888 2778 948 2825 V.
976 2780 1068 2824 205
1086 2777 1146 2835 c.)
1194 2778 1385 2824 Ultima
1421 2778 1769 2839 paragraphus
1807 2781 1882 2824 est
1919 2793 1981 2824 ex
2018 2778 2182 2839 capite
2217 2793 2309 2823 un-

89 2855 282 2903 decimo
332 2855 602 2903 schematis
650 2855 710 2901 de
759 2854 988 2901 doctrina
1034 2854 1283 2902 catholica
1320 2853 1394 2912 (O.
1432 2853 1493 2902 V.
1531 2855 1669 2901 513b
1708 2852 1865 2914 sqq.),
1914 2854 2061 2914 eique
2109 2853 2308 2899 adiecta

88 2931 265 2979 ultima
315 2932 566 2979 sententia
613 2946 676 2978 ex
720 2929 991 2977 Vincentio
1038 2930 1290 2989 Lirinensi
1336 2931 1385 2976 in
1433 2932 1477 2977 8.
1526 2944 1648 2976 sess.
1696 2929 2039 2988 deputationis
2087 2929 2148 2975 de
2193 2928 2306 2976 fide.

21 3023 24 3026 ·
89 3006 165 3065 (C.
200 3007 261 3055 V.
303 3006 506 3065 1656b.)

232 3083 248 3109 ²
287 3083 482 3145 „Quum
519 3085 568 3130 in
606 3084 769 3145 prima
803 3082 1122 3143 paragrapho
1161 3082 1339 3143 capitis
1378 3082 1547 3143 quarti
1584 3081 1772 3142 duplex
1807 3080 2145 3141 cognoscendi
2182 3080 2304 3127 ordo

91 3160 239 3207 etiam
276 3175 339 3206 ex
375 3175 433 3207 eo
472 3159 818 3220 distinguitur,
858 3158 992 3218 quod
1028 3158 1080 3203 in
1116 3158 1295 3216 ,altero
1321 3173 1410 3218 per
1436 3158 1685 3204 rationem
1710 3153 2030 3215 naturalem‘‚
2068 3156 2117 3202 in
2144 3156 2305 3202 altero

89 3251 178 3296 per
222 3235 389 3294 ,fidem
438 3233 674 3283 divinam‘
721 3238 1081 3294 cognoscatur,
1130 3249 1232 3280 non
1278 3233 1550 3293 asseritur,
1601 3249 1631 3280 a
1676 3232 1773 3279 fide
1821 3233 2071 3279 rationem
2119 3231 2188 3277 sic
2226 3246 2310 3278 ex-

90 3311 249 3371 cludi,
286 3316 345 3358 ut
380 3311 619 3359 credendi
655 3314 797 3358 actus
832 3325 933 3356 non
970 3311 1035 3358 sit
1070 3315 1215 3357 actus
1251 3309 1409 3370 ipsius
1446 3309 1754 3355 intellectus.
1825 3307 1921 3354 Sed
1957 3307 2007 3353 id
2044 3306 2307 3364 asseritur,

88 3386 139 3434 in
175 3388 334 3436 altero
371 3389 545 3435 ordine
580 3386 887 3434 intervenire
923 3390 1120 3433 tantum
1147 3386 1393 3447 principia
1427 3385 1618 3431 homini
1655 3399 1744 3430 seu
1779 3383 1966 3430 rationi
2002 3382 2220 3442 propria,
2257 3381 2308 3427 in

90 3463 247 3511 altero
285 3464 434 3511 etiam
470 3464 1035 3525 principium-infusum,
1075 3477 1173 3524 quo
1209 3462 1501 3509 intellectus
1528 3461 1591 3506 ad
1617 3459 1957 3507 exercendum
1991 3458 2107 3505 fidei
2138 3461 2309 3504 actum

90 3539 317 3587 elevatur
352 3556 441 3587 seu
475 3540 688 3587 idoneus
724 3536 999 3585 redditur.“
1073 3538 1245 3595 (Ratio
1284 3540 1379 3584 etc.
1451 3536 1504 3584 C.
1542 3536 1603 3583 V.
1641 3534 1775 3593 800.)

235 3615 251 3642 ³
288 3616 348 3662 In
385 3616 656 3674 schemate,
695 3615 829 3676 quod
865 3615 1027 3675 primo
1064 3613 1396 3660 reformatum
1423 3612 1663 3659 Patribus
1689 3609 2032 3671 deputationis
2062 3622 2311 3669 propone-

90 3691 257 3751 batur,
294 3695 432 3738 erat:
474 3707 650 3753 „quae‚
687 3691 783 3738 nisi
818 3691 1047 3737 revelata
1073 3689 1328 3747 divinitus,
1367 3704 1448 3735 nec
1480 3688 1662 3734 laomim·
1696 3701 1778 3732 nee
1801 3686 1967 3747 ansgselo
1992 3685 2311 3731 innotescere

91 3764 352 3827 possunt“.
421 3765 498 3824 (O.
534 3766 597 3813 V.
638 3765 837 3824 16300.)
906 3766 1049 3812 Licet
1097 3765 1148 3811 id
1194 3767 1447 3811 mutatum
1485 3763 1561 3822 (O.
1599 3762 1661 3808 V.
1704 3760 1887 3819 16560)
1934 3775 2028 3806 1100
2077 3760 2177 3805 iam
2227 3774 2311 3806 ex-

91 3855 265 3902 presse
301 3840 562 3888 definitum
601 3841 692 3901 sit,
729 3856 811 3887 res
847 3845 1018 3888 tamen
1054 3840 1164 3901 ipsa
1198 3842 1341 3900 patet
1378 3842 1427 3885 et
1462 3838 1586 3885 locis
1624 3837 1906 3896 scripturae
1943 3834 2110 3881 citatis
2147 3838 2197 3880 et
2232 3833 2314 3878 Li-

92 3917 214 3964 teris
238 3916 562 3978 Apostolicis,
591 3931 715 3978 quas
739 3916 792 3962 in
817 3921 939 3964 nota
965 3916 1028 3963 ad
1055 3930 1297 3962 canonem
1324 3915 1540 3975 primum
1568 3913 1848 3970 attulimus,
1874 3909 2024 3957 facile
2049 3910 2311 3970 probatur.
