2548 4290
188 118 287 171 148
354 119 466 160 Pars
498 117 558 158 11.
615 116 770 159 Const.
804 114 861 157 de
892 115 1017 157 Eccl.
1083 113 1195 169 Cap.
1228 113 1288 154 11.
1346 111 1764 155 Commentationes
1799 110 1854 153 de
1885 112 2121 167 aliquibus
2153 113 2282 155 locis.

335 263 444 329 „At
494 264 767 332 quaerunt
814 259 1091 330 theologi:
1150 259 1463 331 Episcopus
1514 258 1800 312 Romanus
1854 259 2102 312 succedit
2151 258 2323 313 Petro
2380 278 2451 315 ex

104 335 113 352 ⁴
182 348 300 401 iure
342 347 528 399 divino
570 345 659 399 vel
701 364 774 399 ex
815 346 936 400 iure
978 345 1350 400 ecclesiastico
1393 344 1484 397 vel
1523 362 1596 398 ex
1635 344 1754 398 iure
1796 345 2014 398 mixto?
2084 343 2311 399 Certum
2352 351 2452 414 est,

181 433 328 504 quod
367 432 422 485 id
463 431 753 503 proveniat
793 450 866 486 ex
907 431 1054 485 facto
1094 431 1268 485 Petri.
1348 431 1530 501 Igitur
1570 431 1749 501 prima
1789 432 2065 485 sententia
2117 436 2200 485 est
2242 449 2451 501 eorum,

181 519 273 589 qui
314 518 529 585 dicunt,
583 518 785 571 Petrus
824 517 1182 571 Antiochiam
1223 516 1449 587 reliquit
1489 521 1545 569 et
1586 516 1822 570 Romam
1867 517 2021 570 venit
2075 535 2147 570 ex
2189 535 2454 589 expresso

180 603 439 656 mandato
480 602 610 656 Iesu
651 602 855 656 Christi
900 603 1128 656 Domini
1181 602 1384 670 nostri,
1438 619 1501 654 ac
1543 601 1777 673 proinde
1821 620 1892 655 ex
1934 603 2052 656 iure
2094 601 2282 657 divino
2323 602 2454 675 Epi·
2506 623 2510 629 ·

179 705 376 757 scopus
415 687 700 741 Romanus
750 687 995 741 succedit
1047 688 1236 741 Petro.
1315 687 1400 740 Ita
1452 685 1724 740 Melchior
1775 686 1997 740 Canus¹
2052 692 2107 741 et
2162 705 2297 759 quos
2337 689 2473 759 ipse'

180 773 326 828 citat.
406 773 520 826 Alii
562 791 591 827 e
632 773 906 827 contrario
949 772 1169 840 dicunt,
1224 771 1371 843 quod
1413 772 1614 826 Petrus
1672 790 1742 826 ex
1796 791 1893 825 suo
1948 773 2177 826 arbitrio
2216 772 2452 828 Romam

179 858 347 925 venit,
390 876 450 911 ac
491 858 725 929 proinde
767 858 925 911 sicuti
967 876 1066 925 pro
1108 875 1206 910 suo
1247 857 1474 910 arbitrio
1516 857 1719 911 Petrus
1748 857 1986 911 Romam
2027 859 2197 926 venit,
2238 859 2316 911 ita
2354 877 2477 929 pro⁴

178 961 275 997 suo
318 943 543 997 arbitrio
586 943 819 1014 quilibet
858 943 1146 996 Romanus
1187 942 1483 1007 Pontifex,
1539 943 1633 1013 qui
1675 942 1844 996 habet
1884 942 2119 997 eandem
2161 944 2454 998 auctorita«

178 1034 289 1082 tem
332 1029 635 1097 PrimatUS,
688 1033 871 1099 potest
912 1045 942 1082 e
982 1028 1164 1082 Roma
1218 1028 1492 1099 proficisci
1550 1028 1619 1082 ad
1672 1028 1838 1082 aliam
1891 1029 2190 1082 civitatem.
2271 1028 2453 1092 Quare·

179 1113 369 1167 dicunt
409 1115 527 1183 isti,
581 1120 636 1168 et
676 1120 758 1168 est
799 1113 1045 1167 secunda
1085 1114 1390 1181 sententia,
1444 1113 1591 1185 quod
1636 1113 1919 1167 Romanus
1960 1114 2228 1168 Pontifex
2269 1131 2453 1168 succe-v

180 1198 272 1252 dat
304 1200 473 1252 Petro
510 1218 581 1253 ex
610 1200 728 1253 iure
758 1200 1149 1255 ecclesiastico.
1205 1198 1335 1252 Alia
1363 1199 1641 1252 sententia
1669 1204 1767 1266 est,
1808 1204 1871 1252 ut
1910 1200 1987 1253 ita
2016 1199 2213 1267 dicam,
2254 1200 2449 1268 media,

179 1303 317 1356 quae
359 1288 636 1340 sententia
678 1286 828 1355 dicit,
878 1286 1026 1358 quod
1067 1304 1139 1340 ex
1180 1286 1326 1339 facto
1356 1285 1511 1338 Petri
1554 1286 1757 1352 evenit,
1799 1290 1861 1339 ut
1901 1285 2189 1339 Romanus
2226 1286 2450 1358 Episco-

178 1389 276 1442 pus
317 1372 579 1426 succedat
605 1374 802 1439 Petro3
846 1373 945 1426 sed
984 1373 1092 1426 1100
1134 1371 1343 1425 factum
1386 1377 1505 1424 erat
1545 1371 1786 1425 conditio
1829 1372 1947 1425 sine
1990 1390 2098 1443 qua
2137 1389 2266 1438 non,
2308 1377 2363 1425 et
2393 1377 2451 1425 ut

177 1458 347 1511 semel
389 1458 568 1529 posita
608 1459 712 1511 hac
754 1458 1090 1526 conditione,
1134 1458 1319 1510 nullus
1347 1475 1594 1528 unquam
1636 1458 1872 1528 amplius
1900 1457 2280 1511 Romanorum
2308 1457 2452 1510 Pon-

176 1542 385 1596 tificum
426 1545 598 1615 possit
637 1545 741 1598 hoc
782 1544 989 1597 factum
1031 1551 1274 1597 mutare:
1318 1562 1381 1596 ac
1422 1543 1657 1615 proinde
1686 1549 1767 1597 est
1807 1544 1991 1614 aliquo
2033 1561 2198 1597 sensu
2238 1543 2306 1596 de
2335 1543 2454 1597 iure

177 1629 569 1696 ecclesiastico,
612 1630 796 1701 aliquo
838 1649 1002 1684 sensu
1045 1630 1112 1683 de
1156 1631 1275 1683 iure
1318 1629 1524 1683 divino.

329 1715 465 1782 „His
506 1716 714 1787 positiS,
758 1719 903 1769 rffius
945 1722 999 1769 et
1042 1715 1390 1768 doctissimus
1433 1715 1760 1769 emendator
1799 1732 2116 1786 proponens
2168 1714 2451 1783 exceptio-

176 1818 303 1854 nem
345 1801 618 1870 observat,
661 1802 810 1873 quod
848 1803 1022 1855 verba
1062 1807 1251 1855 textus
1279 1801 1452 1855 nostri
1493 1801 1602 1854 iam
1646 1800 1941 1872 approbati
1969 1801 2154 1871 potius
2193 1799 2454 1853 videntur

176 1885 364 1939 favere
404 1887 601 1940 tertiae
643 1888 971 1942 sententiae.
1052 1888 1255 1958 Atqui,
1309 1888 1426 1958 ipse
1471 1887 1630 1956 dicit,
1673 1892 1860 1939 textus
1901 1903 2012 1938 non
2055 1885 2222 1938 debet
2262 1884 2452 1938 favere

174 1972 272 2024 ulli
326 1973 654 2026 sententiae.
734 1973 853 2025 Iam
894 1973 1133 2044 primum
1178 1973 1444 2036 obserVO,
1502 1971 1651 2042 quod
1704 1989 1775 2025 ex
1827 1971 1911 2023 his
1950 1971 2126 2023 tribus
2166 1971 2454 2024 sententiis
2530 2000 2531 2003 ¹

175 2058 262 2112 vel
304 2058 481 2129 prima
532 2065 615 2111 est
665 2057 1010 2112 admittenda
1062 2059 1141 2125 (et
1196 2059 1312 2130 ipse
1354 2061 1493 2110 1111110
1546 2075 1862 2128 proponens
1915 2056 2064 2123 dicit,
2118 2074 2175 2109 se
2215 2056 2450 2127 primam

174 2145 388 2211 tenere)
427 2144 516 2197 vel
556 2145 747 2212 tertia3
803 2145 1047 2198 secunda
1088 2145 1234 2198 enim
1275 2145 1385 2197 iam
1425 2143 1591 2197 hodie
1635 2143 1872 2215 amplius
1908 2142 2165 2196 sustineri
2205 2161 2316 2196 non
2357 2161 2452 2213 po-

173 2236 296 2285 test.
376 2230 741 2284 Memineritis
801 2232 979 2298 enim,
1046 2232 1191 2302 quod
1250 2231 1529 2302 professor
1583 2232 1639 2283 in
1699 2230 2061 2284 universitate
2122 2229 2452 2282 Taurinensi

175 2318 393 2370 nomine
435 2316 649 2388 Nuytz,
703 2317 846 2371 inter
888 2323 1073 2371 cetera
1116 2323 1456 2384 commenta,
1499 2318 1602 2370 hoc
1642 2318 1809 2370 etiam
1851 2316 2010 2383 dixit,
2052 2315 2263 2369 scilicet
2304 2316 2451 2387 quod

174 2403 312 2455 nihil
353 2408 521 2469 vetat,
563 2402 712 2474 quod
754 2422 826 2456 cx
869 2403 1092 2457 decreto
1123 2403 1357 2457 Concilii
1388 2403 1732 2456 oecumenici
1760 2403 1866 2469 vel,
1910 2401 2058 2472 quod
2099 2401 2274 2471 magis
2316 2402 2450 2473 lepi-

175 2488 305 2541 dum
347 2495 445 2555 est,
490 2508 561 2542 ex
602 2507 875 2543 consensu
917 2491 1162 2543 omnium
1204 2489 1537 2560 populorum
1580 2488 1863 2542 Cathedra
1904 2488 2059 2541 Petri
2101 2505 2129 2541 e
2159 2487 2341 2541 Roma
2380 2488 2450 2541 ad

174 2574 338 2627 aliam
385 2580 601 2645 partem
653 2574 1036 2629 transferatur.
1114 2574 1274 2628 Haec
1325 2575 1658 2646 propositio,
1713 2591 1856 2645 quae
1910 2579 1992 2627 est
2034 2591 2178 2626 nona
2219 2590 2448 2626 numero

175 2660 434 2713 damnata
474 2661 530 2713 in
570 2660 785 2730 Nuytz,
835 2661 941 2714 fuit
983 2661 1244 2714 damnata
1285 2679 1384 2731 per
1426 2661 1611 2714 Sffium
1655 2660 1957 2713 Dominum
1999 2659 2213 2730 Papam
2254 2660 2311 2712 in
2352 2677 2451 2712 sua

175 2747 438 2817 epistola,
498 2765 639 2818 quae
692 2748 887 2818 incipit
935 2748 1026 2800 Aa}
1064 2748 1387 2818 Apostole'cae
1437 2747 1585 2800 Sedis
1607 2744 1643 2813 ²,
1702 2752 1756 2800 et
1812 2747 1940 2800 licet
1995 2745 2342 2799 damnaverit
2392 2746 2450 2799 in

172 2831 356 2901 globo,
401 2838 550 2885 certe
594 2833 820 2886 damnat
861 2851 1050 2886 omnes
1078 2833 1485 2904 propositiones
1514 2832 1614 2885 sub
1643 2832 1982 2903 gravissimis
2023 2831 2285 2898 censuriS,
2327 2830 2450 2884 illas

175 2917 362 2971 dicens
403 2918 741 2987 haereticaS,
795 2918 1144 2972 subversivas
1187 2924 1318 2985 etc.;
1377 2925 1432 2972 et
1473 2924 1556 2972 est
1596 2918 1898 2988 propositio
1940 2917 2188 2971 XXXV.
2229 2918 2286 2969 in
2328 2915 2449 2986 Syl-

173 3003 315 3057 labo.
368 3004 565 3075 Itaque
607 3004 771 3058 hodie
814 3005 1072 3058 sustineri
1114 3005 1266 3058 nullo
1309 3010 1472 3075 pacto
1513 3010 1697 3076 potest
1738 3004 1982 3057 secunda
2009 3004 2300 3070 sententia,
2342 3020 2451 3073 qua

175 3088 387 3156 dicitur,
429 3090 485 3142 id
529 3108 645 3143 esse
685 3109 756 3144 ex
785 3108 937 3143 mero
964 3091 1083 3144 iure
1115 3091 1506 3156 ecclesiastiCO,
1550 3090 1689 3144 adeo
1719 3100 1779 3142 ut
1818 3107 1917 3160 per
1946 3106 2276 3143 consensum
2307 3087 2448 3141 Con-

174 3174 284 3226 cilii
326 3176 670 3228 oecumenici
711 3176 884 3245 possit
912 3176 1167 3229 Romana
1196 3176 1354 3229 sedes
1396 3175 1464 3228 ab
1507 3176 1609 3228 hac
1643 3175 1790 3229 alma
1817 3174 1972 3228 Urbe
2014 3174 2084 3226 ad
2112 3174 2278 3226 aliam
2319 3173 2448 3226 civi-

172 3266 344 3313 tatem
399 3261 706 3315 transferri.
785 3262 965 3332 Igitur
1015 3280 1138 3315 cum
1190 3267 1377 3315 textus
1430 3261 1641 3332 aliquid
1695 3261 1927 3314 deberet
1975 3260 2188 3326 dicere,
2241 3260 2331 3312 vel
2378 3257 2447 3311 ad

172 3346 408 3416 primam
449 3348 537 3400 vel
581 3347 651 3399 ad
691 3349 912 3401 tertiam
954 3348 1286 3401 sententiam
1329 3348 1570 3402 debebat
1612 3347 1932 3417 confugere.

327 3432 416 3499 ,Si
459 3433 691 3486 dixisset
733 3433 801 3486 de
845 3434 1022 3503 prima
1063 3434 1356 3502 sententia,
1399 3434 1546 3504 quod
1587 3433 1798 3487 scilicet
1838 3433 1957 3485 iure
2000 3432 2186 3484 divino
2220 3430 2445 3502 Episco-

175 3535 275 3586 pus
314 3517 598 3570 Romanus
639 3519 903 3587 succedit,
945 3520 1053 3571 iam
1097 3519 1234 3572 nihil
1276 3520 1405 3573 novi
1448 3519 1696 3573 dixisset.
1754 3518 1899 3571 Nam
1940 3517 2299 3570 Innocentius
2338 3514 2444 3568 III.

175 3619 345 3672 agens
386 3603 453 3657 de
481 3604 732 3657 Primatu
761 3604 1048 3658 Romanae
1091 3604 1235 3658 sedis
1274 3607 1330 3657 in
1371 3624 1470 3658 sua
1511 3604 1744 3674 epistola
1785 3603 1853 3656 ad
1891 3601 2275 3656 Patriarcham
2306 3600 2446 3654 Con·

175 3688 755 3759 stantinopolitanum,
819 3690 1095 3761 expressis
1135 3690 1320 3744 verbis
1362 3691 1500 3744 haec
1553 3688 1784 3743 habet3:
1844 3689 1970 3756 ,Qui
2013 3687 2261 3757 (Petrus)
2318 3686 2447 3738 licet

326 3867 338 3893 ¹
378 3867 454 3914 De
489 3868 616 3915 locis
655 3867 813 3915 theol.
850 3867 937 3915 lib.
975 3867 1068 3915 VI.
1108 3882 1217 3929 cap.
1258 3869 1301 3915 8.
1341 3867 1403 3913 ad
1447 3869 1522 3914 10.
1730 3865 1744 3891 ²
1783 3865 1899 3913 Vid.
1938 3869 2055 3913 acta
2091 3865 2165 3911 Pii
2196 3864 2288 3911 IX.
2327 3880 2373 3926 p.
2400 3862 2441 3909 Ι.

174 3944 274 3991 vol.
314 3945 354 3992 I.
392 3960 439 4006 p.
478 3945 594 3992 285.
778 3944 793 3971 ³
834 3944 910 3992 Cf.
950 3945 1125 4007 Migne
1161 3944 1217 3992 P.
1255 3945 1313 3992 L.
1351 3943 1584 4004 CCXIV,
1625 3945 1735 3991 761.
