2548 4290
244 245 279 285 I.
325 243 448 285 Ordo
479 246 526 284 in
559 242 748 283 decretis
780 240 1023 282 condendis
1055 243 1273 281 servatus.
1334 239 1424 280 Lit.
1456 238 1617 292 Apost.
1651 238 1958 291 „Multiplices
1989 232 2146 278 inter“.
2291 237 2322 286 3

104 390 293 442 Patres
334 387 539 458 aliquid
578 386 991 457 proponendum
1031 385 1350 451 habuerint,
1406 383 1550 454 quod
1591 382 1659 434 ad
1710 382 1985 452 publicam
2034 381 2325 432 utilitatem

101 472 346 524 conferre
387 489 542 542 posse
583 470 909 535 existiment,
951 469 1005 520 id
1045 469 1217 520 libere
1258 468 1457 537 exequi
1497 467 1720 518 velint“.
1790 465 2082 517 Debebant
2121 470 2324 530 autem,

104 573 240 626 quae
271 555 512 608 Concilio
552 554 782 623 proponi
819 552 1093 615 volebant,
1135 551 1397 622 peculiari
1426 550 1652 602 Patrum
1695 549 2123 618 congregationi,
2164 566 2324 617 quam

103 640 218 709 ipse
259 656 329 690 ex
371 636 750 691 Cardinalibus
791 636 1017 706 aliisque
1061 635 1289 687 Concilii
1328 633 1584 686 Patribus
1624 633 1971 684 constitutam
2014 631 2080 683 ad
2123 631 2327 683 exami-

102 721 307 773 nandas
345 722 567 773 Patrum
607 719 1002 788 propositiones
1043 717 1326 787 deputavit
1343 716 1378 782 1,
1420 716 1620 785 scripto
1662 714 1952 779 exhibere,
2003 719 2063 765 ut
2103 732 2165 766 ea
2206 732 2326 783 pro-

104 803 395 873 positiones
424 800 694 853 exhibitas
723 801 1061 870 expenderet
1099 817 1363 868 suumque
1405 800 1548 850 circa
1589 816 1774 850 earum
1816 796 2195 849 admissionem
2238 797 2325 849 vel

105 885 473 938 exclusionem
515 883 795 935 consilium
836 884 1002 951 ipsius
1043 883 1226 952 Papae
1269 881 1467 933 iudicio
1521 881 1864 932 submitteret
1915 881 2140 949 ipseque
2183 879 2325 931 deci-

101 966 269 1030 deret,
310 972 489 1018 utrum
529 984 614 1018 res
656 965 898 1018 Concilio
939 965 1294 1035 proponenda
1335 970 1476 1017 esset
1514 981 1685 1016 necne
1709 963 1745 1016 ².

246 1049 397 1109 Quae
433 1049 893 1119 proponebantur,
935 1049 987 1099 vi
1026 1048 1334 1100 Literarum
1371 1046 1809 1118 Apostolicarum
1851 1047 2213 1117 „Multiplices
2249 1047 2328 1097 in-

100 1134 211 1186 ter“
233 1132 252 1164 ³
289 1134 494 1202 aliquot
523 1133 711 1185 diebus
739 1138 862 1184 ante
892 1132 1386 1201 Congregationem
1416 1131 1746 1200 generalem,
1787 1132 1840 1182 in
1871 1149 1977 1200 qua
2006 1149 2192 1184 eorum
2222 1130 2326 1182 dis-

101 1217 336 1285 ceptatio
376 1216 687 1285 incipiebat,
729 1217 872 1286 typis
913 1216 1175 1285 impressa
1213 1215 1354 1267 inter
1390 1215 1582 1267 Patres
1624 1215 1999 1267 distribuenda
2039 1219 2210 1279 erant,
2250 1219 2326 1281 ut,

101 1300 229 1369 quid
269 1300 335 1351 de
374 1300 438 1351 iis
478 1299 819 1352 sentiendum
861 1306 1013 1364 esset,
1059 1299 1479 1352 considerarent.
1548 1299 1611 1364 Ii,
1654 1300 1744 1368 qui
1781 1299 1846 1350 de
1888 1299 2163 1351 schemate
2203 1316 2326 1369 pro-

104 1382 274 1450 posito
302 1382 356 1433 in
384 1381 820 1450 Congregatione
849 1382 1093 1449 generali
1124 1381 1302 1433 dicere
1328 1381 1601 1446 volebant,
1644 1381 1697 1432 id
1726 1382 1917 1433 saltem
1958 1382 2130 1451 pridie
2162 1382 2326 1434 Prae-

102 1464 304 1516 sidibus
352 1465 654 1534 significare
709 1464 997 1518 debebant.
1088 1465 1234 1517 Ordo
1288 1471 1564 1517 oratorum
1622 1465 2086 1517 determinabatur
2140 1483 2327 1517 eorum

102 1547 379 1618 dignitatis
418 1549 607 1617 gradU.
656 1549 711 1601 Si
754 1549 843 1618 qui
884 1549 1081 1600 auditis
1122 1549 1459 1601 sermonibus
1500 1549 1727 1602 aliorum
1769 1555 1889 1618 post
1929 1568 2019 1601 eos
2061 1550 2327 1601 disserere

100 1632 387 1698 voluerint,
428 1632 651 1685 obtenta
689 1634 838 1700 prius
878 1651 908 1684 a
936 1632 1284 1685 Praesidibus
1326 1633 1544 1684 dicendi
1584 1634 1771 1698 venia,
1815 1633 2003 1685 ordine
2047 1633 2327 1702 dignitatis

105 1714 172 1766 ad
213 1715 502 1767 dicendum
545 1716 896 1767 vocabantur.

246 1798 450 1858 Quodsi
502 1799 557 1850 in
599 1799 1038 1868 Congregatione
1079 1800 1319 1869 generali
1373 1801 1588 1852 schema
1644 1801 1979 1869 propositum
2023 1800 2108 1852 vel
2151 1800 2327 1851 nullas

105 1882 188 1934 vel
226 1882 374 1934 leves
414 1888 624 1934 tantum
666 1889 719 1935 et
758 1884 812 1934 in
853 1885 968 1952 ipso
1011 1900 1303 1952 congressu
1356 1883 1514 1935 facile
1558 1884 1925 1952 expediendas
1978 1883 2327 1936 difficultates

102 1966 382 2031 offerebat,
423 1968 603 2018 statim
644 1967 847 2019 decreti
888 1968 973 2019 vel
1015 1968 1234 2019 canonis
1273 1967 1506 2019 formula
1546 1970 1749 2036 rogatis
1790 1970 2012 2020 l'atrum
2056 1968 2329 2037 suffragiis

101 2049 389 2102 statuenda
441 2055 572 2102 erat.
651 2051 706 2102 Si
748 2056 929 2101 autem
972 2051 1112 2102 circa
1153 2052 1368 2103 schema
1420 2052 1554 2103 tales
1597 2052 1907 2104 oriebantur
1962 2052 2326 2119 difficultatcS,

103 2137 162 2183 ut
199 2137 286 2184 via
325 2151 433 2185 non
473 2138 814 2202 suppeteret,
868 2152 975 2203 qua
1018 2135 1072 2185 in
1115 2135 1227 2204 ipso
1272 2141 1541 2187 conventu
1583 2142 2067 2205 componerentur,
2110 2136 2328 2188 schema

101 2232 219 2267 cum
277 2215 500 2268 obiectis
556 2215 965 2268 difficultatibus
1022 2218 1259 2268 examini
1314 2218 1456 2269 illius
1510 2219 1875 2288 deputationis
1931 2220 2326 2271 subiiciendum

103 2304 236 2365 erat,
279 2299 345 2350 ad
389 2317 547 2369 quam
577 2318 673 2370 pro
715 2318 912 2365 rerum,
956 2300 1020 2352 de
1052 2301 1245 2369 quibus
1273 2301 1553 2369 agebatur,
1596 2319 1797 2370 genere
1828 2303 2152 2371 pertinebat.
2219 2303 2328 2355 De-

103 2383 308 2452 putatio
349 2401 406 2435 re
449 2383 748 2435 deliberata
778 2401 980 2449 eorum,
1024 2402 1160 2453 quae
1190 2385 1531 2451 videbantur,
1574 2387 1890 2438 relationem
1920 2388 2065 2456 typis
2104 2388 2327 2457 impres-

102 2483 214 2517 sam
264 2467 407 2518 inter
446 2466 638 2518 Patres
692 2467 1014 2519 distribuere
1069 2467 1332 2533 debebat,
1388 2475 1447 2519 ut
1500 2469 1553 2519 in
1595 2470 1846 2539 proxima
1887 2470 2327 2540 Congregatione

102 2549 345 2615 generali
385 2567 470 2601 res
498 2549 676 2602 denuo
705 2555 1030 2601 tractaretur
1059 2556 1129 2617 et,
1171 2552 1214 2602 si
1243 2552 1376 2602 nihil
1406 2553 1508 2602 iam
1541 2552 1826 2619 obstiterit,
1869 2555 2073 2622 rogatis
2102 2555 2326 2607 Patrum

102 2631 390 2700 suffragiis,
433 2633 637 2685 decreti
676 2634 763 2685 vel
805 2635 1024 2685 canonis
1066 2634 1299 2686 formula
1339 2635 1681 2688 conderetur.

249 2715 520 2784 Suffragia
571 2734 602 2768 a
641 2716 896 2769 Patribus
948 2723 1201 2770 oretenus
1254 2719 1582 2785 edebantur,
1635 2721 1710 2772 ita
1762 2728 1969 2786 tamen,
2026 2727 2084 2773 ut
2135 2721 2326 2773 liceret

106 2798 268 2849 etiam
310 2816 374 2850 ea
414 2800 610 2869 scripta
649 2800 882 2852 tradere.

245 2881 426 2948 Haec,
485 2900 622 2951 quae
673 2901 739 2934 ex
781 2883 981 2936 Literis
1029 2884 1361 2955 Apostolicis
1408 2886 1772 2956 „Multiplices
1820 2889 1992 2940 inter“
2039 2889 2103 2940 dc
2146 2906 2326 2942 rerum

104 2966 473 3034 propositione
514 2971 675 3035 atque
705 2985 889 3019 earum
919 2969 973 3019 in
1004 2969 1531 3039 Congregationibus
1559 2972 1907 3040 generalibus
1937 2973 2328 3042 disceptatione

106 3052 160 3099 et
202 3049 362 3101 modo
412 3049 625 3101 ferendi
679 3051 935 3120 suffragia
985 3052 1404 3124 desumpsimUS,
1459 3054 1676 3107 decreto
1720 3058 1804 3107 20.
1846 3056 2131 3108 Februarii
2174 3074 2328 3108 accu-

103 3131 269 3182 ratius
311 3131 739 3184 determinantur
780 3139 941 3203 atque
983 3136 1319 3205 supplentur.

249 3213 693 3267 Constituebatur
722 3234 783 3267 eo
827 3217 1062 3284 decrctO,
1104 3224 1162 3270 ut
1189 3219 1381 3271 Patres
1412 3220 1478 3272 de
1519 3222 1807 3273 schematis
1847 3223 2135 3292 propositis
2164 3224 2327 3292 prius,

107 3313 267 3364 quam
308 3297 374 3349 de
415 3298 479 3349 iis
518 3298 573 3349 in
610 3299 1048 3369 Congregatione
1087 3303 1329 3370 generali
1373 3310 1645 3372 ageretur,
1688 3307 1887 3374 scripto
1930 3323 1992 3357 ea
2031 3307 2327 3373 traderent,

106 3396 243 3448 quae
294 3381 779 3434 animadvertenda
829 3383 1159 3436 viderentur.
1238 3385 1396 3445 Quod
1436 3392 1495 3439 ut
1534 3395 1679 3440 recte
1720 3388 1834 3440 fieri
1877 3395 2084 3457 posset,
2142 3390 2328 3442 Cardi-

105 3462 255 3514 nales
281 3462 565 3517 Praesides
606 3465 890 3519 distributo
933 3468 1112 3537 aliquo
1142 3469 1416 3523 schemate
1458 3489 1756 3540 congruum
1798 3479 2011 3541 tempus
2052 3475 2327 3543 assignare

253 3599 266 3624 ¹
303 3599 519 3647 Nomina
555 3601 894 3651 Cardinalium
935 3611 984 3653 et
1021 3606 1260 3667 Patrum,
1313 3625 1375 3655 ex
1427 3611 1608 3671 quibus
1647 3609 1987 3672 Congregatio
2041 3613 2326 3673 constabat,

106 3691 150 3722 v.
188 3674 241 3721 O.
280 3675 342 3722 V.
381 3676 512 3722 7100
550 3692 658 3739 sqq.

250 3750 266 3776 ²
305 3750 435 3805 Quid
463 3752 523 3798 de
548 3752 656 3800 iure
683 3759 732 3801 et
757 3758 903 3804 modo
935 3774 1013 3805 res
1040 3761 1351 3820 proponendi
1391 3761 1639 3808 disserant
1666 3762 1860 3809 Sebast.
1888 3762 2184 3823 Sanguineti
2210 3763 2256 3810 S.
2285 3765 2322 3809 I.

107 3830 156 3873 ct
181 3827 280 3872 Ios.
318 3827 379 3873 de
403 3827 597 3887 Hefele‚
623 3831 876 3890 professor
902 3834 1254 3896 Tiibingensis,
1289 3838 1606 3885 consultores
1637 3840 2002 3886 commissionis
2029 3840 2326 3900 dircctriciS,

107 3917 150 3947 v.
189 3900 243 3948 O.
279 3901 340 3949 V.
381 3904 541 3949 10770
578 3919 684 3965 sqq.
726 3909 892 3954 1089a
928 3925 1035 3971 sqq.

251 3975 267 4003 ³
305 3976 330 4035 ἓ
366 3978 483 4026 VII.
521 3978 583 4028 V.
621 3979 674 4028 O.
710 3982 770 4030 V.
808 3985 911 4033 2210
950 4001 1058 4048 sqq.

1917 4068 1978 4111 1*
