2548 4290
302 157 549 199 Comment.
581 158 663 199 IX.
721 157 915 200 Concilii
947 159 1146 200 definitio
1179 159 1234 200 de
1266 160 1442 202 obiecto
1476 161 1814 204 infallibilitatis
1844 162 2113 216 pontificiae.
2228 163 2327 214 197

0 348 53 374 „
113 300 456 353 infallibilem
497 318 612 353 esse
653 301 1004 368 Pontificem,
1059 301 1185 353 dum
1227 303 1441 369 definit,
1498 305 1626 373 quid
1664 306 1721 356 in
1759 306 1920 359 rebus
1959 305 2086 357 fidei
2125 310 2179 357 et
2217 323 2327 358 mo-

113 402 232 437 rum
271 384 337 436 ab
375 385 627 436 universa
652 383 898 436 Ecclesia
934 390 1184 455 tanquam
1222 386 1282 437 de
1318 387 1422 452 fide
1447 387 1758 452 tenendum,
1799 389 1886 440 vel
1924 394 2170 458 tanquam
2196 388 2330 456 fidei

110 468 430 519 contrarium
467 466 820 519 reiiciendum
861 468 944 520 sit.
1021 468 1123 519 His
1162 475 1345 520 autem
1396 470 1573 521 verbis
1612 471 1852 538 theologi
1903 471 2205 540 significare
2245 488 2327 523 so-

112 550 227 602 lent
264 548 337 616 id,
378 549 522 619 quod
563 554 644 601 est
670 549 969 602 formaliter
995 551 1315 620 revelatum,
1357 552 1603 621 adeoque
1632 553 1737 605 fide
1767 553 1949 604 divina
1977 553 2324 619 credendum,

111 638 168 686 et
204 633 285 699 id,
336 633 480 702 quod
520 633 569 684 ei
609 635 915 703 oppositum
957 638 1063 699 est,
1115 633 1370 687 videlicet
1419 636 1706 687 haeresim.
1783 635 2142 704 Distinguunt
2181 637 2324 688 enim

110 716 184 783 id,
224 716 366 786 quod
407 721 488 768 est
526 717 844 781 revelatum,
886 716 953 768 ab
993 716 1106 783 illo,
1148 716 1293 785 quod
1333 734 1453 769 cum
1494 719 1723 770 veritate
1761 719 2004 771 revelata
2031 719 2324 788 quomodo-

111 817 325 868 cunque
365 816 673 851 connexum
713 806 809 851 est.
864 799 1009 850 Dum
1051 817 1210 868 porro
1240 800 1436 854 docent
1462 819 1645 867 omneS,
1686 802 1838 865 illud,
1881 801 2025 870 quod
2054 808 2134 853 est
2172 819 2324 854 reve-

109 882 307 948 latum,
348 901 569 935 assensu
609 882 735 935 fidei
776 882 992 935 divinae
1033 883 1364 936 credendum
1405 902 1550 949 esse,
1591 895 1645 937 et
1685 885 1903 954 quidem
1943 885 2068 938 fidei
2108 885 2323 938 divinae

0 961 42 1035 ξ
110 966 436 1032 catholicae,
487 966 531 1017 si
570 965 637 1018 ab
678 965 921 1018 Ecclesia
961 967 1306 1036 proponitur,
1357 984 1459 1019 non
1497 985 1664 1019 omnes
1703 968 1926 1034 docent,
1975 966 2137 1033 illud,
2180 967 2324 1036 quod

108 1055 365 1119 tanquam
404 1066 525 1101 cum
565 1050 793 1102 veritate
832 1050 1074 1101 revelata
1114 1050 1598 1120 quomodocunque
1628 1069 1932 1103 connexum
1973 1051 2040 1102 ab
2079 1051 2324 1103 Ecclesia

109 1134 446 1204 proponitur,
487 1151 604 1186 esse
645 1133 916 1185 obiectum
954 1133 1078 1185 fidei
1120 1133 1351 1198 divinae,
1393 1152 1488 1186 seu
1527 1134 1653 1187 fidei
1692 1135 1874 1187 stricte
1915 1140 2187 1204 sumptae,
2227 1133 2322 1186 sed

30 1213 36 1281 ζ
107 1217 274 1268 alium
323 1234 599 1269 assensum
650 1216 960 1268 admittunt.
1037 1216 1182 1267 Hinc
1222 1222 1398 1285 patet,
1455 1217 1561 1269 illis
1601 1236 1772 1269 novae
1820 1217 2086 1269 formulae
2126 1217 2320 1282 verbiS,

33 1317 35 1320 ’
107 1300 152 1351 si
190 1317 350 1352 sensu
391 1300 549 1352 obvio
592 1304 646 1351 et
687 1299 1022 1350 communius
1063 1305 1285 1366 accepto
1323 1305 1625 1365 sumuntur,
1666 1319 1773 1352 non
1802 1300 2065 1352 contineri
2103 1300 2212 1365 illa,
2253 1298 2320 1351 ad

107 1400 247 1452 quae
287 1383 601 1453 ceteroquin
641 1382 928 1434 infallibile
970 1383 1342 1450 magisterium
1381 1383 1660 1436 Ecclesiae
1699 1401 1754 1435 se
1795 1383 2059 1435 extendit.
2086 1382 2102 1414 ¹
2143 1423 2152 1433 .
2195 1423 2206 1434 .
2249 1423 2258 1434 .

256 1466 362 1532 „IL
402 1466 618 1535 Reponi
659 1465 884 1517 fortasse
925 1470 1121 1534 potest,
1163 1466 1586 1535 propositionem
1626 1466 1891 1518 formulae
1933 1484 2047 1518 esse
2087 1465 2320 1517 affirma-

104 1550 290 1616 tivam,
332 1568 439 1602 non
480 1549 830 1613 exclusivam,
871 1549 996 1599 hinc
1036 1549 1242 1599 nullam
1283 1549 1471 1601 adesse
1511 1550 1932 1614 restrictionem3
1976 1567 2139 1617 quum
2179 1565 2320 1600 asse-

106 1639 270 1699 ratur,
311 1633 617 1686 Romanum
647 1632 970 1684 Pontificem
1010 1631 1354 1684 infallibilem
1384 1650 1500 1685 esse
1541 1635 1596 1684 in
1624 1634 1785 1685 rebus
1819 1632 1879 1684 de
1907 1632 2018 1700 fide
2055 1632 2318 1698 tenendiS,

104 1734 212 1768 non
253 1718 446 1782 asseri,
486 1717 541 1768 in
581 1716 698 1768 aliis
739 1733 847 1766 non
888 1732 1003 1767 esse
1044 1715 1401 1767 infallibilem.
1481 1716 1608 1768 Sine
1650 1716 1813 1768 dubio
1856 1715 1989 1767 haec
2029 1715 2131 1766 fuit
2169 1733 2319 1767 mens

102 1798 484 1869 deputationis
561 1799 670 1851 Sed
714 1798 874 1850 valde
915 1798 1211 1850 timendum
1267 1804 1373 1864 est,
1425 1817 1521 1867 ne,
1577 1799 1721 1868 quod
1773 1800 1976 1868 optima
2016 1799 2317 1850 intentione

100 1884 360 1952 scriptum
401 1890 497 1948 est,
538 1888 761 1952 propter
799 1884 1207 1933 circumstantias
1240 1889 1523 1950 praesentes
1550 1884 1655 1935 alia
1695 1890 1874 1935 mente
1905 1883 2223 1950 explicetur,
2265 1887 2319 1933 et

24 2022 26 2025 ,
102 1983 230 2018 vera
268 1968 533 2020 restrictio
561 1973 926 2036 supponatur,
969 1966 1112 2017 unde
1140 1967 1457 2034 gravissima
1485 1972 1842 2035 sequerentur
1871 1967 2028 2017 mala.
2080 1965 2316 2031 Etenim,

101 2067 265 2119 quum
307 2051 538 2103 formula
576 2050 797 2102 recedat
835 2050 902 2101 ab
944 2050 1036 2101 illo
1077 2050 1335 2119 loquendi
1375 2050 1551 2115 modO,
1595 2068 1698 2119 quo
1738 2051 1817 2101 uti
1856 2050 2031 2101 solent
2059 2048 2316 2118 theologi,

103 2133 231 2186 dum
280 2135 579 2187 infallibilis
629 2134 927 2202 magisterii
978 2134 1250 2185 obiectum
1302 2136 1456 2185 unica
1505 2135 1746 2186 sententia
1798 2135 2078 2202 exprimere
2130 2134 2316 2198 volunt,

101 2216 427 2270 dictitabunt
466 2236 574 2270 non
616 2217 801 2285 pauci,
855 2216 1155 2268 Concilium
1198 2217 1264 2268 ab
1306 2217 1399 2268 illo
1440 2218 1722 2269 recessisse
1762 2217 2006 2280 consulte,
2062 2217 2183 2266 hinc
2224 2215 2314 2267 ob-

99 2300 299 2352 iectum
340 2303 667 2369 restringere
707 2300 958 2352 voluisse.

249 2385 473 2449 „Patres
514 2385 801 2453 deputatos
850 2383 1243 2435 restrictionem
1293 2383 1551 2435 inducere
1592 2384 1852 2448 voluisse,
1905 2389 2054 2433 tanto
2096 2382 2315 2450 pronius

98 2469 388 2521 coniicient
427 2468 598 2533 multi,
641 2486 805 2537 quum
846 2473 1071 2532 constet,
1112 2468 1328 2520 saeculo
1369 2469 1660 2536 praeterito
1690 2473 1742 2519 et
1770 2468 1870 2519 hoc
1911 2468 2071 2518 etiam
2100 2468 2313 2520 saeculo

98 2553 369 2604 exstitisse
410 2551 695 2621 quosdam,
757 2552 848 2620 qui
887 2552 1173 2603 infallibile
1212 2551 1488 2603 Ecclesiae
1529 2552 1900 2619 magisterium
1940 2551 2009 2602 ad
2059 2551 2152 2602 illa
2202 2551 2315 2602 sola

98 2636 494 2704 restringerent
534 2634 886 2701 declaranda,
940 2653 1076 2704 quae
1117 2636 1417 2686 formaliter
1457 2636 1698 2687 revelata
1738 2639 1933 2698 essent,
1976 2640 2030 2685 ct
2069 2635 2161 2685 illa
2201 2635 2308 2686 sole

97 2718 406 2785 reiicienda,
449 2736 585 2787 quae
624 2719 729 2769 illis
769 2718 1203 2770 adversarentur.
1258 2717 1403 2770 Nota
1440 2723 1520 2769 est
1559 2718 1653 2769 illa
1680 2717 1876 2785 Περαία
1903 2717 2038 2784 fidei
2075 2734 2106 2767 a
2135 2716 2312 2768 Chris-

98 2819 222 2854 man
264 2803 583 2871 conscripta,
626 2802 769 2870 quod
812 2819 962 2869 opUS,
1005 2819 1170 2869 quum
1211 2802 1443 2869 primum
1485 2802 1671 2868 exigui
1698 2801 1869 2866 fieret,
1912 2805 2100 2868 postea
2138 2818 2169 2851 a
2198 2800 2309 2868 qui-

97 2884 323 2936 busdam
365 2885 491 2936 viris
533 2885 701 2936 doctis
743 2884 1205 2948 commendatum,
1259 2884 1437 2935 denuo
1492 2901 1752 2936 excusum
1793 2888 1847 2934 et
1886 2900 2154 2952 sparsum,
2209 2884 2311 2951 ipsi

97 2967 292 3020 Cursui
327 2969 584 3037 tlce0Z092700
625 2986 656 3020 a
693 2967 763 3020 D.
803 2967 987 3035 Migne
1041 2968 1185 3019 edito
1245 2968 1505 3018 insertum
1549 2972 1643 3019 est.
1723 2967 2087 3035 Congregatio
2130 2971 2308 3018 autem

95 3050 297 3102 Indicis
351 3057 475 3103 ante
526 3052 732 3120 aliquot
771 3068 939 3102 annos
988 3050 1124 3101 illud
1175 3050 1619 3118 proscribendum
1677 3050 1848 3101 duxit.
1928 3049 2215 3101 Theoriam
2256 3050 2310 3101 in

94 3134 196 3187 hoc
237 3153 401 3203 opere
441 3136 743 3203 expositam
787 3134 1106 3202 adoptantes
1145 3139 1390 3186 asserunt
1430 3135 1546 3200 alii,
1587 3134 1886 3185 Ecclesiam
1928 3151 2036 3185 non
2077 3150 2191 3185 esse
2233 3134 2310 3185 in-

92 3217 379 3270 fallibilem
417 3220 472 3270 in
524 3219 662 3270 notis
718 3219 928 3269 haeresi
968 3217 1315 3269 inferioribus
1366 3218 1702 3286 infligendis3
1755 3218 1876 3281 alii,
1930 3235 2037 3268 non
2075 3234 2190 3269 esse
2230 3218 2308 3268 in-

94 3300 380 3353 fallibilem
408 3303 462 3352 in
490 3307 782 3372 systemate
810 3302 987 3370 aliquo
1017 3301 1392 3370 philosophico
1426 3300 1867 3364 condemnando3
1910 3300 2017 3365 alii,
2055 3318 2161 3352 non
2192 3318 2308 3352 esse

93 3384 436 3437 infallibilem
476 3386 530 3436 in
572 3385 844 3448 doctriniS,
887 3402 1024 3453 quae
1052 3385 1219 3436 vitam
1258 3384 1510 3436 socialem
1547 3389 1809 3453 spectant,
1852 3383 2226 3435 diiudicandis,
2255 3423 2265 3436 .
2297 3424 2308 3435 .

244 3467 539 3533 „Omnibus
580 3510 590 3520 .
632 3509 642 3519 .
688 3510 697 3521 .
738 3468 992 3537 periculis
1051 3468 1259 3519 occasio
1311 3468 1812 3536 praescinderetur,
1869 3468 1911 3518 si
1961 3484 2058 3535 pro
2110 3467 2304 3533 verbis,

93 3567 232 3618 quae
274 3570 434 3602 unam
476 3552 672 3604 obiecti
702 3560 911 3621 partem
942 3551 1297 3603 determinate
1327 3552 1603 3618 exhibent,
1645 3552 1748 3603 alia
1778 3551 2126 3619 eligerentur,
2169 3568 2305 3619 quae

94 3633 229 3684 illud
268 3635 685 3687 indeterminate
727 3641 935 3687 tantum
976 3634 1301 3687 exhiberent
1319 3632 1357 3685 ².

242 3815 254 3841 ¹
293 3817 587 3862 Fasciculus
625 3818 1032 3864 emendationum
1070 3824 1164 3863 ete.
1237 3815 1290 3864 O.
1328 3816 1387 3863 V.
1429 3818 1551 3863 1704
1570 3832 1612 3862 a.
1639 3817 1685 3863 b.

239 3889 254 3917 ²
295 3891 423 3938 Ibid.
484 3891 538 3938 O.
576 3891 635 3937 V.
680 3894 842 3940 1705b
881 3907 990 3953 sqq.
