2548 4290
796 131 909 171 Eius
941 143 1037 183 cap.
1068 131 1127 171 II.
1183 132 1251 172 De
1281 132 1567 172 revelatione.
2222 128 2287 178 79

74 280 143 333 μ(10
183 295 343 330 causa
382 275 643 328 revelatio
683 273 930 326 absolute
971 275 1277 327 necessaria
1316 274 1548 327 dicenda
1587 279 1683 340 est,
1730 273 1824 326 sed
1865 273 1991 342 quia
2028 271 2179 323 Deus
2219 286 2289 321 ex

74 361 284 416 infinita
322 359 562 411 bonitate
602 374 699 409 sua
739 356 1011 409 ordinavit
1050 358 1325 410 hominem
1366 357 1434 409 ad
1474 357 1636 409 finem
1675 354 2178 426 supernaturalem,
2220 352 2289 403 ad

75 442 445 517 participanda
481 441 688 493 scilicet
726 439 868 492 bona
909 441 1107 508 divina,
1149 459 1286 510 quae
1326 441 1594 493 humanae
1634 441 1830 492 mentis
1869 436 2288 506 intelligentiam

72 527 288 582 vomnino
328 529 612 594 superant3
654 524 922 592 siquidem
962 525 1149 576 oculus
1189 542 1296 576 non
1335 524 1487 590 vidit,
1528 541 1626 575 nec
1656 524 1800 575 auris
1828 523 2051 586 audivit,
2091 536 2193 572 nec
2232 519 2288 570 in

76 628 165 664 cor
190 609 419 661 hominis
447 606 706 671 ascendit,
748 624 887 675 quae
916 608 1264 677 praeparavit
1289 607 1440 660 Deus
1479 608 1560 673 iis,
1602 607 1693 674 qui
1734 606 1967 674 diligunt
2004 604 2159 655 illum
2181 602 2229 669 a)
2253 600 2287 653 1.

216 774 264 833 a)
300 774 340 821 Ι.
378 773 492 820 Cor.
530 776 575 831 2,
615 776 658 821 9.

76 897 385 947 admixtione
421 912 650 943 errorum
688 898 1029 958 assequendas
1068 913 1155 944 eae
1193 901 1309 944 sunt
1346 898 1687 955 difficultates,
1726 903 1782 944 ut
1817 898 2045 959 potentia
2079 898 2290 959 physica

73 973 348 1037 generatim
395 987 497 1018 non
531 972 843 1034 perducatur
890 974 953 1020 ad
990 978 1160 1020 actum
1197 974 1303 1021 sine
1354 974 1558 1035 speciali
1604 974 1876 1020 adiutorio.
1946 972 2286 1019 Difficultates

74 1051 145 1099 ita
178 1052 500 1111 comparatae
537 1050 857 1096 constituunt
891 1052 1219 1109 impotentiam
1252 1051 1511 1111 moralem,
1549 1051 1629 1097 cui
1664 1050 1936 1111 respondet
1971 1049 2172 1096 moralis
2206 1063 2287 1094 ne-

75 1126 264 1175 cessitas
298 1125 553 1171 adiutorii.
620 1125 731 1172 Hoc
768 1129 939 1172 autem
975 1126 1280 1173 adiutorium
1330 1126 1547 1185 speciale
1593 1126 1643 1172 in
1682 1125 1933 1172 communi
1967 1123 2286 1186 providentia

75 1200 352 1264 praesentis
403 1200 592 1247 ordinis
628 1205 842 1248 naturae
895 1202 1122 1249 elevatae
1158 1203 1388 1249 consistit
1437 1203 1488 1248 in
1538 1202 1647 1262 ipsa
1684 1200 2060 1262 supernaturali
2094 1199 2287 1246 revela-

75 1277 224 1325 tione.
292 1275 427 1337 Ergo
463 1276 589 1323 haec
625 1278 869 1324 revelatio
909 1279 1077 1339 quoad
1113 1279 1223 1325 illas
1273 1293 1473 1340 quoque
1508 1278 1751 1323 veritates
1797 1291 1887 1337 per
1924 1291 1976 1322 se
2011 1274 2285 1322 rationales

74 1354 125 1401 in
171 1353 425 1414 praesenti
460 1351 636 1400 ordine
684 1353 878 1400 censeri
925 1354 1072 1402 debet
1117 1355 1338 1401 humano
1386 1354 1560 1415 generi
1605 1354 1855 1400 moraliter
1894 1353 2162 1399 necessaria
2199 1350 2284 1408 (cf.

74 1428 121 1477 S.
156 1428 330 1475 Thom.
373 1430 413 1475 1.
450 1444 495 1489 q.
537 1430 576 1475 1.
613 1445 657 1476 a.
699 1432 765 1490 1.;
804 1432 847 1477 2.
881 1432 923 1477 2.
964 1446 1008 1491 q.
1036 1433 1079 1477 2.
1117 1446 1160 1477 a.
1198 1432 1266 1489 4.3
1304 1435 1464 1477 contr.
1499 1432 1636 1490 gent.
1674 1430 1713 1476 Ι.
1751 1431 1806 1489 43
1844 1429 1903 1475 de
1939 1428 2084 1474 verit.
2123 1442 2169 1487 q.
2210 1428 2282 1471 14.

74 1520 116 1552 a.
158 1503 268 1560 10.).
306 1529 365 1535 —
401 1504 540 1551 Haec
577 1505 781 1552 moralis
818 1507 1093 1553 necessitas
1132 1507 1455 1568 exprimitur,
1505 1506 1622 1552 dum
1660 1504 1947 1551 declaratur
1985 1505 2285 1561 supernatu-

70 1581 186 1628 ralis
222 1580 545 1628 revelationis
591 1584 855 1629 maximum
892 1583 1193 1643 beneficiam,
1240 1584 1359 1644 quia
1407 1584 1450 1630 ei
1502 1582 1695 1629 debetur
1740 1583 1788 1626 in
1840 1581 2010 1627 ordine
2039 1579 2289 1640 praesenti

69 1656 242 1703 harum
278 1672 458 1718 quoque
492 1659 747 1704 veritatum
778 1660 1048 1720 propositio
1084 1659 1301 1706 omnibus
1333 1658 1710 1718 accommodata,
1744 1662 1796 1703 ut
1820 1657 1888 1704 acl
1924 1671 2090 1703 earum
2126 1655 2285 1715 coqui-

70 1733 239 1780 tionem
275 1732 428 1779 (lebito
465 1738 686 1792 tempore,
723 1735 989 1795 sufficienti
1022 1736 1352 1796 amplitudine,
1378 1735 1533 1795 firma.
1560 1734 1840 1780 certitudine
1866 1738 1906 1778 et
1943 1732 2117 1792 absque
2152 1744 2283 1776 erro-

66 1823 174 1856 rum
204 1810 520 1869 permixtione
551 1812 799 1869 peri-eniri
834 1814 1004 1871 possit.
1073 1811 1323 1858 Videlicet
1359 1828 1447 1873 per
1482 1812 1640 1870 ipsam
1689 1808 2049 1856 revelationem
2086 1806 2284 1854 tollitur

67 1881 264 1933 moralis
301 1887 602 1947 impotentia,
654 1892 810 1949 atque
858 1889 982 1935 adeo
1031 1889 1264 1935 redditur
1310 1889 1530 1934 humano
1567 1887 1739 1947 generi
1777 1885 1998 1946 cognitio
2035 1884 2284 1930 moraliter

62 1960 343 2021 possibile‘s.“
386 1989 444 1995 —
482 1964 561 2010 Ad
600 1965 949 2025 quaestionem
984 1966 1144 2026 ipsam
1181 1966 1240 2012 de
1278 1965 1455 2011 morali
1503 1963 1825 2010 revelationis
1872 1961 2175 2008 necessitate
2211 1959 2285 2005 in-

65 2038 389 2100 telligendam
427 2042 555 2088 bene
590 2040 870 2088 notandum
907 2045 998 2099 est,
1041 2042 1175 2102 quod
1211 2042 1433 2101 theologi
1470 2041 1659 2098 dicunt,
1696 2039 1822 2085 illud
1863 2038 2106 2099 „speciale
2143 2036 2283 2082 adiu-

69 2112 304 2174 torium“,
344 2130 441 2175 quo
478 2116 778 2177 indigemus,
822 2118 899 2176 „in
936 2118 1186 2164 communi
1211 2117 1530 2179 providentia
1556 2115 1837 2177 praesentis
1864 2114 2053 2160 ordinis
2078 2117 2284 2158 naturae

67 2187 295 2237 elevatae“
336 2191 614 2238 consistere
644 2193 721 2252 „in
747 2193 855 2253 ipsa
882 2193 1256 2254 supernaturali
1281 2190 1640 2240 revelatione“.
1691 2192 1871 2251 ltaque
1907 2205 2007 2235 non
2035 2188 2280 2248 sequitur,

63 2264 115 2311 in
152 2268 287 2313 statu
323 2273 531 2313 naturae
563 2283 721 2328 purae
755 2269 981 2314 futurum
1019 2269 1190 2327 fuisse,
1230 2273 1286 2315 ut
1318 2269 1546 2315 homines
1582 2267 1894 2313 revelatione
1929 2264 2280 2323 indiguissent,

66 2342 263 2388 etiamsi
300 2358 474 2389 eorum
521 2344 653 2391 vires
688 2345 950 2391 naturales
986 2360 1087 2392 non
1124 2348 1450 2406 superassent
1488 2347 1705 2390 nostras.
1775 2342 1889 2387 Alia
1937 2340 2067 2387 enim
2103 2339 2283 2385 fuisset

63 2418 379 2479 providentia
415 2418 604 2465 ordinis
640 2423 855 2466 naturae
890 2436 1063 2481 purae,
1103 2437 1202 2482 qua
1227 2436 1326 2467 non
1354 2421 1557 2481 quidem
1581 2419 1823 2465 revelatio
1850 2417 2154 2474 exstitisset,
2193 2415 2281 2461 sed

63 2492 160 2540 alia
194 2497 364 2540 tamen
400 2495 625 2542 subsidia
660 2497 830 2543 oblata
879 2504 1071 2556 essent,
1125 2499 1307 2559 quibus
1346 2498 1565 2558 cognitio
1603 2512 1770 2543 rerum
1810 2495 2091 2541 divinarum
2128 2492 2279 2538 etiam

62 2569 321 2616 moraliter
355 2569 493 2617 facta
529 2576 660 2618 esset
694 2573 962 2633 possibilis.

137 2648 159 2669 ‘
207 2643 220 2670 ¹
264 2644 525 2693 Sententia
573 2648 857 2708 explicatur
904 2665 932 2695 a
967 2649 1255 2695 Brixinensi
1304 2649 1522 2707 (Relatio
1572 2653 1665 2696 etc.
1737 2647 1791 2694 C.
1838 2646 1898 2692 V.
1952 2646 2107 2692 13410.
2135 2642 2180 2701 c)
2230 2647 2280 2690 et

63 2721 349 2766 accuratius
385 2722 456 2768 ita
492 2737 520 2767 a
556 2723 806 2784 theologis
853 2724 903 2770 in
950 2725 1278 2771 adnotatione
1326 2727 1388 2772 ad
1427 2726 1626 2772 schema
1667 2724 1727 2770 de
1764 2722 1995 2768 doctrina
2031 2720 2279 2766 catholica

63 2793 138 2852 (O.
175 2795 235 2842 V.
272 2796 411 2843 524a
447 2797 602 2859 sqq.):
655 2799 781 2858 „Per
815 2801 1048 2847 naturale
1095 2800 1264 2847 lumen
1301 2802 1511 2848 rationis
1550 2799 1784 2861 cognosci
1831 2798 2032 2860 quidem
2072 2798 2279 2858 possent

61 2869 173 2917 finis
208 2872 481 2933 naturalis,
531 2874 594 2920 ad
632 2890 778 2936 quem
814 2876 1051 2923 nimirum
1087 2881 1271 2924 natura
1306 2878 1526 2924 humana
1573 2892 1636 2923 ex
1672 2875 1956 2923 intrinsecis
2005 2874 2106 2920 suis
2142 2872 2278 2933 prin-

62 2947 203 3009 cipiis
241 2949 473 2997 ordinata
510 2955 658 3011 esset,
697 2955 747 2998 et
782 2953 946 2999 media
981 2954 1043 3000 ad
1079 2954 1213 3000 hunc
1248 2953 1397 3000 finem
1433 2953 1805 3015 assequendum
1841 2950 2142 2998 necessaria.
2207 2948 2278 2994 At

61 3021 172 3069 finis
222 3026 626 3085 supernaturalis
675 3032 724 3074 et
770 3029 887 3074 huic
932 3029 1018 3075 fini
1068 3030 1454 3090 proportionata
1504 3029 1816 3089 proindeque
1868 3023 2277 3087 supernaturalia

62 3098 240 3159 media,
278 3100 408 3147 sicut
443 3106 560 3148 sunt
596 3118 751 3164 supra
775 3104 906 3150 vires
943 3105 1100 3151 totius
1136 3110 1350 3151 naturae
1378 3110 1593 3164 creatae,
1631 3119 1784 3165 supra
1821 3103 1926 3149 eius
1955 3100 2275 3162 exigentiam,

64 3176 114 3220 et
148 3189 299 3235 supra
334 3179 493 3223 totam
530 3177 994 3239 perfectibilitatem
1030 3181 1164 3227 intra
1198 3181 1382 3227 limites
1419 3186 1659 3239 naturae,
1706 3180 1778 3226 ita
1814 3178 2066 3225 ordinatio
2103 3176 2166 3222 ad
2202 3178 2274 3222 ta-

3 3283 7 3287 -
61 3249 158 3298 lem
192 3251 340 3299 finem
378 3269 466 3313 per
501 3255 623 3302 talia
658 3256 823 3302 media
848 3256 1127 3318 (supposita
1161 3258 1310 3304 etiam
1348 3272 1651 3318 quacunque
1686 3256 1998 3317 perfectione
2033 3249 2274 3308 naturali)

61 3342 160 3374 non
193 3332 362 3389 potest
410 3346 518 3378 esse
553 3332 649 3378 nisi
687 3348 749 3379 ex
783 3333 942 3380 libero
988 3333 1212 3380 infinitae
1259 3335 1501 3382 bonitatis
1553 3334 1777 3381 consilio,
1846 3331 1992 3378 Unde
2028 3331 2123 3376 1100
2161 3343 2276 3375 con-

64 3403 251 3464 silium,
306 3410 356 3454 et
389 3408 599 3468 proinde
636 3409 886 3457 ordinatio
925 3410 987 3456 ad
1024 3411 1172 3456 talem
1210 3410 1358 3457 finem
1392 3415 1441 3458 et
1477 3412 1641 3458 media
1678 3411 1722 3457 ei
1756 3409 2140 3471 proportionata
2174 3420 2276 3451 non

63 3485 271 3539 possunt
317 3484 550 3543 cognosci
596 3500 685 3545 per
733 3501 792 3532 ea
830 3502 958 3548 quae
994 3487 1131 3533 facta
1178 3490 1320 3546 sunt,
1374 3503 1463 3534 seu
1512 3503 1573 3534 ex
1608 3486 1831 3534 naturali
1865 3482 2273 3531 manifestatione

63 3554 182 3616 Dei3
230 3558 316 3604 sed
362 3561 648 3607 necessaria
699 3566 776 3609 est
822 3562 920 3608 alia
954 3562 1048 3609 Dei
1094 3563 1467 3623 manifestatio,
1519 3579 1648 3624 quae
1696 3564 1824 3610 sicut
1859 3562 1968 3622 ipsa
2003 3574 2082 3606 res
2118 3559 2276 3604 mani-

63 3628 294 3679 festanda
332 3637 408 3680 est
444 3650 598 3696 supra
633 3638 939 3698 exigentiam
986 3641 1199 3685 naturae
1245 3638 1510 3686 humanae.
1578 3639 1716 3685 Haec
1759 3634 2162 3698 supernaturalis
2199 3650 2273 3681 re-

63 3705 245 3754 velatio
282 3723 371 3768 pro
407 3709 512 3756 vita
557 3713 813 3772 praesenti
860 3713 910 3759 in
946 3713 1041 3760 1100
1077 3714 1351 3774 caliginoso
1388 3715 1526 3774 loco,
1580 3715 1737 3761 donec
1774 3713 1953 3759 lucifer
1991 3712 2185 3758 oriatur
2220 3711 2270 3756 in

67 3782 299 3830 cordibus
334 3786 538 3845 nostriS,
573 3788 716 3834 nobis
751 3789 806 3835 fit
842 3804 930 3849 per
967 3789 1174 3836 verbum
1211 3790 1318 3836 Dei.

209 3858 545 3919 „Hypothesis
574 3877 710 3924 ergo,
748 3865 840 3911 sub
869 3880 968 3925 qua
994 3864 1235 3911 affirmari
1274 3866 1424 3914 debet
1451 3866 1737 3912 omnimoda
1773 3865 2048 3912 necessitas
2081 3864 2273 3910 revela-
