2548 4290
804 872 1098 958 PARS
1164 873 1637 956 ALTERA.

186 1061 1036 1158 CONSTITUTIONIS
1104 1061 1773 1155 DoGMATIOAE
1836 1062 2247 1154 PRIMAE

267 1205 402 1295 DE
468 1202 958 1298 ECCLESIA
1024 1202 1452 1295 CHRISTI
1515 1203 2165 1297 EXPLIOATIO.

785 1530 1134 1601 CAPUT
1196 1531 1653 1599 PRIMUM.

186 1687 427 1741 Historia
469 1686 700 1757 originis
743 1686 1156 1740 constitutionis
1197 1685 1405 1755 primae
1449 1685 1515 1739 (lc
1558 1685 1805 1740 Ecclesia
1846 1687 1901 1738 et⁴
1943 1683 2255 1739 couciliaris

899 1776 1015 1830 cius
1059 1775 1534 1846 comprobationis.

204 1921 843 1998 NONSTITUTIONIS
885 1923 1091 1991 primae
1134 1922 1200 1974 de
1229 1923 1475 1974 Ecclesia
1516 1923 1618 1974 tria
1647 1924 1827 1991 priora
1857 1924 2035 1992 capita
2072 1921 2161 1986 (de
2203 1938 2330 1989 apo-

242 2035 252 2064 s
297 2007 472 2059 stolici
527 2006 799 2057 Primatus
857 2006 911 2057 in
967 2006 1127 2058 beato
1186 2006 1352 2057 Petro
1413 2006 1782 2069 institutione,
1843 2007 1908 2057 ‹le
1966 2004 2329 2075 perpetuitate

299 2091 572 2142 Primatus
613 2089 757 2141 beati
797 2090 948 2141 Petri
989 2091 1042 2140 in
1083 2089 1342 2141 Romanis
1383 2090 1766 2152 Pontificibus,
1821 2089 1887 2141 de
1927 2090 1978 2140 vi
2019 2106 2080 2140 ac
2120 2088 2331 2140 ratione

115 2174 383 2227 Primatus
412 2174 644 2225 Romani
674 2173 976 2239 Pontificis)
1011 2174 1185 2242 capite
1215 2173 1501 2224 undecimo
1525 2172 1541 2204 ¹
1578 2179 1630 2224 et
1659 2174 1953 2225 canonibus
1987 2174 2065 2225 14.
2100 2174 2180 2224 15.
2215 2168 2332 2222 16.2

115 2258 401 2310 schematis
443 2256 856 2309 Constitutionis
898 2256 963 2307 de
1006 2256 1252 2308 Ecclesia
1294 2255 1531 2307 Christi3
1574 2256 2004 2308 continebantur.

258 2342 380 2393 Hoc
419 2341 637 2392 schema
676 2358 706 2391 a
757 2339 1065 2408 dogmatica
1114 2340 1492 2408 theologorum
1546 2340 1920 2391 commissione
1972 2345 2097 2390 ante
2148 2337 2331 2396 incho-

116 2430 260 2477 atum
298 2424 598 2477 Concilium
639 2423 975 2475 elaboratum
1018 2423 1324 2492 quindecim
1378 2423 1644 2492 capitibus
1686 2429 1846 2492 atque
1898 2441 2004 2474 uno
2047 2428 2099 2474 et
2137 2421 2330 2489 viginti

118 2507 414 2561 canonibus
455 2506 735 2559 constabat
753 2506 790 2559 ⁴.
870 2506 1213 2558 Tradebatur
1254 2506 1506 2557 Patribus
1547 2507 1599 2557 in
1642 2507 1851 2558 decima
1893 2507 2051 2558 tertia
2092 2505 2331 2572 Congre-

116 2592 334 2660 gatione
374 2591 616 2660 generali
669 2590 755 2642 die
805 2592 888 2641 21.
929 2590 1166 2641 Ianuarii
1213 2591 1351 2641 1870
1403 2590 1587 2641 habita
1607 2590 1642 2655 5,
1695 2596 1748 2641 et
1799 2592 1850 2641 in
1893 2589 2331 2657 Congregatione

263 2757 277 2784 ¹
316 2758 525 2804 Schema
563 2761 656 2805 etc.
727 2758 780 2805 C.
816 2758 877 2804 V.
916 2759 1053 2803 571a
1092 2774 1198 2819 sqq.
1379 2758 1393 2784 ²
1432 2759 1558 2805 Ibid.
1629 2758 1681 2805 C.
1719 2759 1779 2806 V.
1818 2759 1971 2804 577d.

258 2832 273 2859 ³
312 2833 366 2881 C.
404 2833 464 2880 V.
502 2833 639 2880 5671)
677 2848 783 2894 sqq.

257 2907 277 2935 ¹*
313 2907 453 2964 Quae
491 2924 548 2956 eo
586 2909 841 2956 schemate
879 2910 1260 2971 eontffleantur,
1308 2911 1443 2957 hisce
1482 2911 1700 2971 capitum
1748 2910 2161 2971 inscriptionibus
2207 2910 2334 2956 indi-

117 2989 284 3032 catur:
337 2985 378 3032 1.
415 2985 694 3032 Ecclesiam
743 3000 852 3032 esse
889 3001 1070 3048 corpus
1107 2986 1295 3034 Christi
1344 2987 1628 3047 mysticum.
1667 3013 1725 3018 ——
1764 2988 1805 3032 2.
1844 2985 2180 3033 Christianam
2220 2985 2332 3031 reli-

114 3061 310 3121 gionem
362 3061 563 3107 nonnisi
610 3061 660 3107 in
711 3060 938 3107 Ecclesia
990 3065 1039 3108 et
1085 3077 1173 3123 per
1208 3062 1484 3109 Ecclesiam
1532 3078 1560 3108 a
1607 3060 1808 3108 Christo
1856 3063 2116 3109 fundatam
2170 3061 2332 3107 excoli

114 3151 276 3197 posse.
313 3165 373 3171 —-
411 3139 454 3184 3.
492 3136 767 3183 Ecclesiam
822 3152 931 3184 esse
981 3139 1273 3185 societatem
1321 3154 1521 3197 veram,
1573 3138 1881 3199 perfectam,
1932 3138 2243 3199 spiritualem
2282 3140 2331 3183 et

117 3213 571 3273 supernaturalem.
611 3238 669 3243 -
708 3215 750 3258 4.
787 3212 1065 3260 Ecclesiam
1105 3229 1213 3261 esse
1252 3214 1544 3261 societatem
1582 3214 1843 3262 visibilem.
1872 3243 1928 3247 —
1957 3216 1999 3260 5.
2038 3214 2111 3260 De
2147 3212 2331 3259 visibili

116 3287 373 3335 Ecclesiae
419 3289 630 3335 unitate.
671 3316 727 3320 -—
766 3291 809 3336 Γ).
846 3289 1123 3336 Ecclesiam
1177 3305 1286 3336 esse
1334 3290 1624 3336 societatem
1676 3291 1738 3336 ad
1776 3291 1988 3336 salutem
2028 3304 2332 3349 consequen-

118 3362 229 3409 dam
267 3363 469 3410 omnino
506 3364 859 3411 necessariam.
888 3393 946 3398 —
982 3366 1023 3411 7.
1061 3365 1221 3411 Extra
1247 3365 1523 3412 Ecclesiam
1565 3366 1747 3412 salvari
1785 3367 2032 3412 neminem
2070 3381 2231 3426 posse.
2270 3392 2331 3398 —

121 3438 164 3484 8.
200 3438 276 3485 De
312 3438 571 3486 Ecclesiae
607 3439 1066 3487 indefectibilitate.
1094 3466 1151 3471 -—
1180 3443 1223 3487 9.
1261 3441 1336 3487 De
1372 3440 1630 3487 Ecclesiae
1666 3441 2041 3488 infallibilitate.
2070 3470 2127 3474 —
2159 3443 2230 3486 10.
2257 3441 2331 3488 De

116 3513 372 3561 Ecclesiae
421 3519 691 3575 potestate.
730 3543 789 3549 -
832 3517 905 3562 11.
942 3517 1016 3562 De
1053 3516 1264 3563 Romani
1300 3516 1559 3563 Pontifieis
1596 3516 1838 3564 Primatu.
1880 3545 1937 3550 ——
1978 3520 2049 3563 12.
2088 3518 2162 3564 De
2210 3523 2332 3565 tem-

116 3589 276 3649 porali
308 3589 523 3637 Sanctae
549 3590 687 3638 Sedis
725 3592 961 3638 dominio.
1002 3617 1059 3623 ——
1102 3594 1176 3637 13.
1214 3593 1289 3638 De
1316 3592 1584 3639 concordia
1620 3593 1751 3639 inter
1775 3594 2051 3640 Ecclesiam
2090 3598 2138 3640 et
2176 3594 2333 3640 socie-

118 3667 272 3711 tatem
311 3665 524 3713 civilem.
562 3694 621 3700 —
664 3668 735 3714 14.
772 3667 848 3714 De
882 3668 993 3714 iure
1031 3672 1079 3714 et
1116 3683 1212 3714 usu
1259 3668 1528 3729 potestatis
1568 3668 1725 3714 civilis
1762 3670 2037 3716 secundum
2075 3670 2332 3717 Ecclesiae

117 3739 395 3786 catholicae
432 3740 727 3789 doctrinam.
764 3771 825 3776 -
864 3744 936 3788 15.
976 3743 1051 3789 De
1088 3744 1389 3804 specialibus
1429 3744 1727 3804 quibusdam
1755 3745 2013 3793 Ecclesiae
2048 3746 2244 3794 iuribus
2281 3746 2330 3792 in

116 3814 358 3862 relatione
395 3816 457 3863 ad
495 3817 786 3864 societatem
824 3819 1034 3867 civilem.

262 3887 277 3916 ⁵
313 3890 443 3938 Acta
479 3896 572 3938 etc.
642 3891 696 3939 C.
733 3892 795 3941 V.
834 3895 925 3940 720
941 3909 980 3941 c.
