2548 4290
211 138 276 191 10
649 138 993 192 prolegomena.
1055 135 1113 175 ΙΙ.
1148 135 1436 175 Documenta
1469 136 1552 174 etc.
1619 130 1804 173 citandi
1840 131 2021 173 modus.

352 287 438 339 De
481 286 564 338 his
592 285 821 338 Patrum
850 282 1147 354 propositis
1188 281 1368 351 primo
1397 296 1429 331 a
1457 277 1719 331 Patribus
1747 277 2029 349 deputatis
2058 277 2489 333 deliberationes

211 371 496 425 habendas
538 387 656 423 esse
699 369 936 421 vidimus
990 365 1218 437 supra13
1263 383 1405 436 quae
1448 364 1880 417 deliberationes
1907 364 2227 416 referuntur
2255 364 2313 417 in
2354 365 2489 418 actis

207 458 510 515 sessionum
554 454 925 524 deputationis
968 453 1034 505 de
1076 451 1200 506 fide.
1268 450 1486 502 Horum
1530 449 1876 502 narrationes
1917 449 2079 501 nimis
2119 467 2250 502 sane
2292 449 2490 504 breves

212 541 488 593 uberrime
530 539 859 610 supplentur
900 535 1279 601 relationibus,
1323 552 1457 604 quas
1498 552 1640 585 unus
1683 551 1754 586 ex
1796 534 2057 587 Patribus
2099 533 2378 605 deputatis
2420 535 2488 588 de

208 624 688 678 emendationibus
729 623 1023 694 propositis
1078 627 1132 674 et
1174 619 1551 690 deputationis
1607 618 1673 672 dc
1716 619 1780 672 iis
1821 621 2100 672 sententia
2140 620 2195 672 in
2239 619 2486 690 Congre-

206 711 431 780 gatione
472 709 724 780 generali
765 708 971 760 habere
1015 705 1256 759 debebat
1278 703 1316 758 ².
1396 704 1552 765 Quae
1596 704 1819 775 quidem
1860 703 2191 758 Relationes³
2242 706 2488 776 praecla-

208 797 423 848 rissima
461 800 588 847 sunt
637 794 707 846 ad
750 791 1111 863 explicandas
1153 789 1591 843 Constitutiones
1643 788 1903 842 subsidia.
1984 790 2180 860 Agunt
2232 791 2380 844 enim
2422 791 2490 845 de

209 880 478 946 omnibUS,
523 897 661 950 quae
703 897 735 931 a
775 877 1033 930 Patribus
1075 876 1395 947 propositae
1434 879 1578 940 sunt,
1623 875 2105 929 emendationibus
2145 894 2207 929 ac
2246 876 2492 947 singulas

210 966 325 1019 fere
367 965 708 1018 schematum
751 962 1051 1016 sententias
1093 961 1423 1031 ponderant,
1472 959 1601 1012 dum
1642 961 1887 1013 rationes
1928 967 2265 1033 proponunt,
2306 967 2492 1015 utrum

207 1050 529 1105 retinendae
573 1067 643 1102 an
696 1048 836 1101 aliae
879 1066 910 1099 a
950 1047 1210 1099 Patribus
1265 1046 1549 1099 exhibitae
1603 1047 1912 1099 sententiae
1969 1047 2034 1100 iis
2075 1046 2493 1100 substituendae

209 1137 332 1189 sint.
411 1135 710 1188 Habentur
763 1139 950 1186 autem
1004 1133 1303 1186 relationes
1357 1131 1677 1184 immediate
1733 1137 2031 1203 antequam
2073 1134 2270 1186 Patres
2314 1133 2493 1203 primo

209 1221 276 1274 de
330 1220 560 1290 singulis
612 1219 927 1286 sententiis,
976 1217 1177 1270 deinde
1233 1217 1300 1269 de
1356 1217 1587 1287 singulis
1629 1217 1930 1289 capitibus,
1988 1224 2041 1272 et
2083 1225 2382 1290 antequam
2425 1218 2492 1271 de

208 1307 438 1377 integris
481 1303 979 1358 Constitutionibus
1030 1303 1364 1356 sententiam
1405 1302 1614 1370 ferant,
1668 1309 1729 1355 ut
1769 1304 1852 1368 hi,
1907 1305 2177 1376 quidquid
2218 1303 2490 1377 approba·

208 1392 419 1459 verint,
478 1410 542 1444 eo
584 1409 748 1444 sensu
790 1389 1128 1461 approbasse
1172 1388 1394 1443 dicendi
1435 1389 1570 1456 sint,
1614 1406 1720 1459 quo
1764 1408 1795 1442 a
1837 1390 2212 1460 deputationis
2253 1391 2493 1444 relatore

213 1476 619 1548 explicabatur.
2323 1470 2325 1472 ¹

356 1562 447 1615 Ad
476 1562 629 1630 haec,
660 1562 727 1614 de
758 1561 954 1631 quibus
979 1562 1209 1631 egimus,
1238 1560 1587 1626 documenta,
1619 1560 1817 1631 quibus
1847 1561 1902 1614 in
1929 1561 2183 1614 omnibus
2204 1562 2492 1632 utriusque

211 1647 628 1701 Constitutionis
670 1647 915 1717 partibus
957 1646 1306 1716 explicandis
1349 1646 1700 1699 continenter
1739 1652 1987 1714 utemur,
2041 1647 2315 1701 accedunt
2367 1647 2491 1699 alia.

211 1751 351 1804 quae
393 1733 463 1786 ad
503 1732 809 1803 singulares
837 1732 1102 1804 quasdam
1137 1738 1320 1802 partes
1358 1731 1720 1803 explicandas
1749 1733 1871 1785 usui
1914 1741 2094 1801 erunt,
2134 1739 2195 1786 ut
2238 1733 2484 1785 diarium.

211 1819 358 1890 quod
409 1837 550 1871 unus
600 1837 670 1872 ex
712 1818 972 1871 Patribus
1024 1837 1123 1888 pro
1174 1818 1340 1871 rebus
1390 1817 1520 1870 fidei
1575 1817 1854 1888 deputatis
1908 1818 1977 1872 de
2031 1820 2261 1872 historia
2312 1819 2486 1889 quarti

212 1904 402 1976 capitis
442 1904 861 1957 Constitutionis
904 1904 971 1957 de
1001 1905 1256 1958 Ecclesia
1296 1904 1512 1975 scripsit
1530 1902 1568 1969 ¹²,
1611 1904 1897 1975 multaque
1940 1904 2224 1958 schemata
2253 1905 2488 1975 partium

212 1989 709 2057 Constitutionum,
752 2008 894 2060 quae
937 1991 1027 2043 vel
1069 1991 1125 2042 in
1168 1989 1712 2060 Congregationibus
1752 1992 2112 2061 generalibus
2153 1991 2244 2044 vel
2284 1990 2341 2043 in
2383 2007 2490 2043 ses-

211 2075 454 2129 sionibus
498 2076 871 2146 deputationis
913 2076 1001 2129 vel
1043 2077 1099 2128 in
1141 2077 1371 2146 privatis
1411 2077 1641 2131 Patrum
1695 2077 2059 2130 conventibus
2111 2076 2397 2148 proposita
2438 2079 2490 2128 et

213 2159 456 2214 discussa
495 2167 638 2213 sunt.
717 2161 876 2214 Haec
917 2161 1028 2214 suis
1069 2162 1204 2215 locis
1247 2162 1554 2216 citabimus,

358 2246 443 2298 Ita
484 2251 668 2299 autem
703 2246 1037 2299 documenta
1064 2247 1372 2314 citabimuS,
1410 2254 1471 2300 ut
1512 2249 1691 2302 allatis
1722 2249 1912 2318 primis
1956 2247 2140 2300 verbis
2180 2246 2491 2317 inscriptio-

212 2348 344 2384 num
384 2331 690 2385 indicemus
731 2332 944 2399 saltem,
988 2333 1141 2385 cuius
1183 2334 1405 2403 generis
1447 2334 1515 2386 sit
1558 2334 1968 2400 documentum,
2012 2333 2079 2387 de
2123 2351 2230 2404 quo
2260 2337 2490 2402 agatur,

214 2415 414 2469 deinde
456 2422 711 2471 accurate
763 2418 941 2470 locum
995 2420 1199 2488 septimi
1247 2421 1374 2471 tome?
1418 2419 1732 2473 Collectiom's
1777 2420 2054 2473 Lacensisf’
2108 2419 2197 2472 vel
2237 2420 2488 2471 Actorum

212 2507 257 2553 et
296 2501 610 2555 decretcrmn
655 2502 871 2556 Concilii
919 2503 1199 2556 Vaticaniss
1242 2504 1529 2572 addemuS‚
1571 2506 1666 2558 ubi
1707 2524 1834 2577 pars
1878 2504 2228 2571 documenti,
2273 2505 2340 2556 de
2382 2521 2491 2574 qua

214 2604 392 2639 sermo
436 2594 542 2654 est,
584 2592 780 2641 exstet.
862 2589 1173 2660 Septimum
1215 2595 1402 2642 autem
1442 2595 1655 2643 tomum
1699 2591 2056 2644 Collectionis
2094 2589 2361 2642 Lacensis
2402 2589 2489 2641 vel

213 2670 359 2725 Acta
401 2672 633 2725 Concilii
674 2674 933 2728 Vaticani
974 2676 1103 2728 solis
1143 2676 1317 2729 literis
1348 2676 1407 2730 O.
1439 2675 1509 2730 V.
1553 2677 1987 2748 designabimus,
2041 2675 2275 2730 Numeri
2317 2674 2487 2728 additi

215 2756 341 2808 libri
381 2757 626 2811 indicant
668 2760 969 2815 volumnaS.

367 2931 380 2957 ¹
419 2931 475 2980 P.
514 2934 556 2979 3.
596 2934 639 2980 4.
678 2932 817 2980 Nota
856 2935 899 2982 1.
935 2950 981 2996 p.
1022 2935 1068 2980 6.
1250 2933 1266 2961 ²
1305 2935 1439 2984 Ibid.

368 3007 384 3034 3
424 3008 478 3056 O.
515 3009 577 3057 V.
616 3010 721 3057 slb
763 3026 872 3073 sqq.
914 3011 1052 3059 101d
1080 3027 1190 3073 sqq.
1233 3013 1370 3059 127a
1407 3029 1518 3076 sqq.
1561 3015 1694 3061 1650
1734 3029 1844 3076 sqq.
1882 3015 2020 3060 2000
2058 3028 2167 3075 sqq.
2207 3012 2344 3059 2320
2379 3027 2492 3075 sqq.

222 3114 281 3119 -—
319 3088 460 3134 3041)
500 3101 609 3149 sqq.
647 3087 782 3134 3150
821 3103 932 3150 sqq.
971 3090 1106 3136 3460
1146 3105 1255 3153 sqq.
1297 3091 1437 3138 3881)
1477 3106 1585 3154 sqq.
1625 3093 1768 3140 364b
1807 3106 1918 3154 sqq.
1956 3092 2097 3137 460a
2135 3105 2245 3153 sqq.

367 3162 387 3189 4
423 3162 477 3210 O.
514 3162 577 3211 V.
616 3164 790 3212 1695d
829 3180 940 3228 sqq.

369 3239 384 3266 ⁵
422 3241 631 3302 Integer
668 3242 785 3290 libri
822 3243 1005 3290 titulus
1044 3248 1147 3292 est:
1200 3245 1335 3293 Acta
1373 3250 1424 3294 et
1463 3247 1673 3295 decreta
1712 3262 1977 3294 sacrorum
2018 3246 2376 3296 Conciliorum
2414 3261 2493 3293 re-

221 3318 523 3365 centiorum.
573 3317 821 3367 Collectio
846 3319 1108 3369 Lacensis.
1158 3322 1479 3373 Auctoribus
1507 3323 1835 3387 Presbyteris
1864 3323 1910 3372 S.
1938 3325 1978 3371 Ι.
2020 3340 2047 3372 0
2073 3324 2223 3371 (10ωο
2251 3323 2308 3370 Β.
2335 3323 2398 3371 V.
2424 3324 2491 3372 M.

222 3396 330 3443 sine
366 3395 482 3443 labe
521 3400 798 3458 conceptae
835 3398 900 3444 ad
938 3397 1122 3447 locum.
1194 3399 1439 3463 Friburgi
1476 3400 1800 3463 Brisgoviae.
1878 3402 2221 3449 1869—1890.

362 3471 387 3499 '⁶
424 3472 557 3520 Acta
596 3478 646 3521 et
684 3474 891 3522 decreta
928 3478 1247 3524 sacrosancti
1283 3479 1602 3526 oecumenici
1641 3478 1859 3526 Concilii
1895 3479 2151 3527 Vaticani.
2210 3478 2339 3528 Cum
2377 3494 2493 3541 per-

223 3550 395 3597 multis
432 3551 544 3597 aliis
583 3551 902 3599 documentis
940 3553 1005 3599 ad
1043 3552 1330 3602 Concilium
1368 3557 1585 3619 eiusque
1622 3556 1892 3603 historiam
1930 3557 2304 3618 spectantibus.
2356 3557 2492 3605 Auc-

222 3627 423 3675 toribus
460 3628 784 3690 Presbyteris
823 3629 870 3677 S.
908 3630 950 3679 Ι.
989 3646 1014 3677 e
1065 3631 1214 3679 domo
1253 3633 1310 3681 Β.
1349 3634 1413 3682 V.
1450 3634 1519 3684 M.
1568 3634 1677 3682 sine
1724 3634 1843 3683 labe
1881 3639 2164 3697 conceptae
2202 3636 2267 3684 ad
2305 3635 2488 3683 lacum.

223 3705 466 3767 Friburgi
502 3706 819 3767 Brisgoviae.
895 3709 1035 3756 1892.
