2548 4290
227 138 295 190 72
428 139 540 180 Pars
573 138 609 179 Ι.
667 137 824 181 Const.
859 138 914 180 de
945 138 1048 180 fide.
1114 137 1224 193 Cap.
1257 139 1348 181 111:
1395 140 1506 194 Ipsa
1539 138 1734 181 Constit.
1768 152 1872 181 cum
1904 139 2295 183 adnotationibus.

222 284 327 338 rali
367 285 619 337 instituto
662 302 761 353 per
803 285 988 337 omnia
1029 284 1347 351 adversanS,
1390 302 1605 338 summo
1647 286 1831 339 studio
1873 285 2116 349 molitur,
2158 290 2219 337 ut
2260 284 2498 351 Christo,

223 370 317 441 qui
357 370 504 423 solus
533 369 805 422 Dominus
847 374 902 423 et
936 369 1193 424 Salvator
1233 375 1422 423 noster
1463 375 1564 437 est,
1605 389 1637 424 a
1677 369 1957 424 mentibus
1997 370 2272 438 humanis,
2315 389 2345 423 a
2385 371 2499 424 vita

223 460 279 508 et
317 455 562 508 moribus
614 455 949 524 populorum
990 456 1248 522 echUSO,
1308 473 1493 508 merae
1548 455 1697 526 quod
1749 461 1953 509 vocant
2003 455 2232 508 rationis
2273 456 2363 509 vel
2403 474 2498 509 na-

220 545 379 592 turae
431 557 667 609 regnum
720 539 1049 593 stabiliatur.
1127 540 1348 593 Relicta
1394 545 1580 593 autem
1633 541 1993 612 proiectaque
2036 540 2337 594 christiana
2375 542 2501 594 reli-

219 626 405 694 gione,
447 630 651 695 negato
695 644 825 679 vero
855 625 978 679 Deo
1021 632 1076 679 et
1105 625 1325 679 Christo
1368 627 1504 693 eiUS,
1546 626 1806 696 prolapsa
1834 627 2060 680 tandem
2089 631 2172 679 est
2200 626 2501 680 multorum

221 729 378 764 mens
418 712 474 764 in
516 712 881 782 pantheismi,
937 712 1349 780 materialismi,
1392 712 1651 765 atheismi
1690 712 2032 781 barathrum,
2073 717 2135 765 ut
2174 713 2284 765 iam
2323 713 2501 784 ipsam

220 797 551 850 rationalem
592 803 876 864 naturam,
920 815 1254 868 omnemque
1297 798 1427 851 iusti
1467 798 1718 868 rectique
1757 816 2009 851 normam
2049 803 2349 868 neganteS,
2392 798 2503 851 ima

220 882 497 936 humanae
539 883 816 937 societatis
857 882 1224 937 fundamenta
1264 883 1486 937 diruere
1529 884 1902 938 connitantur.

369 968 493 1021 Hac
534 986 699 1040 porro
740 969 1029 1039 impietate
1060 968 1535 1040 circumquaque1
1576 974 1884 1040 grassante,
1925 969 2225 1023 infeliciter
2253 970 2504 1040 contigit,

221 1059 282 1106 ut
322 1054 511 1125 plures
540 1055 708 1107 etiam
742 1072 771 1107 e
801 1054 1108 1108 catholicae
1134 1055 1419 1108 Ecclesiae
1449 1055 1575 1108 filiis
1617 1074 1649 1108 a
1677 1056 1768 1108 via
1808 1073 1975 1109 verae
2017 1056 2241 1127 pietatis
2282 1055 2504 1109 aberra-

221 1145 363 1207 rent,
406 1140 462 1192 in
504 1140 697 1211 iisque,
739 1140 1023 1193 diminutis
1062 1140 1355 1211 paullatim
1396 1141 1744 1208 veritatibus,
1786 1159 1979 1195 sensus
2019 1141 2324 1194 catholicus
2363 1146 2504 1195 atte-

222 1230 505 1279 nuaretur.
586 1226 772 1279 Variis
825 1226 973 1279 enim
1025 1243 1089 1278 ac
1142 1227 1453 1297 peregrinis
1509 1227 1775 1280 doctrinis
1825 1226 2083 1295 abducti,
2141 1231 2396 1280 naturam
2451 1234 2507 1280 et

222 1311 479 1381 gratiam,
523 1312 812 1364 scientiam
841 1312 1143 1364 humanam
1173 1317 1228 1365 et
1255 1312 1423 1365 fidem
1464 1312 1710 1365 divinam
1737 1330 2033 1385 perperam
2068 1313 2505 1379 commiscentes,

221 1397 528 1465 genuinum
571 1415 795 1450 sensum
837 1397 1189 1467 dogmatum,
1232 1415 1398 1469 quem
1438 1404 1593 1452 tenet
1633 1416 1694 1451 ac
1735 1399 1898 1452 docet
1940 1399 2144 1452 Sancta
2184 1398 2366 1452 Mater
2402 1397 2507 1452 E(-

223 1484 419 1550 clesia,
475 1483 810 1554 depravare,
863 1484 1357 1555 integritatemque
1402 1489 1457 1538 et
1499 1485 1877 1539 sinceritatem
1918 1484 2048 1538 fidei
2099 1485 2155 1537 in
2198 1484 2505 1555 periculum

225 1569 502 1623 adducere
544 1571 979 1641 comperiuntur.

222 1709 495 1770 praeponit
533 1709 787 1756 rationem
826 1708 1143 1757 individuam
1184 1706 1487 1754 auctoritati
1524 1705 1816 1768 Ecclesiae,
1871 1706 1960 1754 sed
2000 1706 2121 1768 quia
2157 1705 2210 1752 in
2246 1703 2506 1767 aliquibus

224 1786 474 1834 doctrinis
511 1787 655 1834 falsis
702 1788 856 1835 etiam
907 1786 1135 1850 antiquis
1174 1786 1397 1847 explicite
1443 1785 1709 1833 docebatur
1744 1785 2054 1833 excellentia
2103 1784 2320 1832 rationis
2356 1787 2507 1830 natu-

224 1862 399 1912 ralis“.
470 1865 621 1913 Alter
657 1865 979 1928 Berengarii‚
1018 1864 1286 1924 Abelardi,
1326 1864 1576 1911 Amalrici
1615 1865 1676 1911 de
1714 1864 1885 1923 Bena‚
1923 1862 2138 1911 Davidis
2176 1862 2239 1910 de
2275 1861 2504 1910 Dinanto

224 1944 463 2005 exempla
499 1944 668 2004 affert,
710 1948 769 1992 ut
806 1945 1064 2004 ostendat,
1102 1942 1500 1990 naturalismum
1541 1946 1591 1990 et
1628 1942 2044 1991 rationalismum
2084 1941 2346 1989 exstitisse
2384 1943 2505 1988 ante

224 2022 601 2070 Tridentinum.
674 2022 1100 2083 (Emendationes
1151 2026 1247 2069 etc.
1297 2021 1512 2068 Emend.
1564 2023 1610 2069 6.
1662 2022 1704 2068 7.
1778 2019 1834 2069 O.
1872 2020 1935 2068 V.
1976 2022 2130 2070 2200.
2157 2018 2225 2079 d.)
2275 2019 2507 2083 Respon-

226 2102 312 2149 det
364 2101 523 2162 priori
564 2101 852 2164 Episcopus
890 2100 1239 2160 Brixinensis,
1293 2099 1647 2161 deputationis
1693 2099 1915 2160 relator,
1966 2098 2104 2146 omni
2150 2101 2385 2161 tempore
2431 2097 2507 2145 hi·

225 2179 418 2227 storiae
457 2179 868 2239 ecclesiasticae,
922 2179 1077 2227 etiam
1128 2183 1249 2226 ante
1285 2178 1771 2240 protestantismum
1809 2178 1860 2224 in
1900 2177 2191 2240 complures
2229 2179 2398 2225 sectas
2436 2176 2509 2224 di-

222 2259 415 2318 visum,
468 2258 731 2306 exstitisse
767 2257 1180 2304 rationalismum
1222 2256 1505 2319 quendam,
1562 2256 1603 2303 si
1650 2271 1754 2303 vox
1790 2255 2076 2318 accipiatur
2126 2270 2280 2303 sensu
2316 2254 2488 2303 latiori

227 2334 496 2396 „Omnes“,
535 2335 720 2398 inquit,
764 2335 1188 2396 „haeresiarchae
1226 2333 1475 2396 imprimis
1510 2334 1573 2382 ab
1602 2333 1729 2380 Ario
1768 2337 1917 2381 erant
1943 2332 2322 2395 quodammodo
2349 2333 2496 2381 ratio-

223 2415 459 2474 nalistae‚
499 2430 617 2461 nam
653 2412 882 2462 fidebant
909 2413 1024 2476 plus
1050 2413 1151 2460 arti
1189 2428 1312 2460 suae
1340 2412 1658 2472 dialecticae,
1701 2427 1855 2473 quam
1885 2411 2105 2473 simplici
2131 2411 2497 2473 praedicationz

227 2492 576 2554 evangelicae.
618 2528 629 2539 .
670 2530 679 2539 .
735 2490 833 2539 Sed
871 2491 1258 2539 rationalismus
1295 2491 1347 2537 in
1385 2506 1540 2538 sensu
1576 2491 1852 2551 moderno,
1908 2489 1996 2552 qui
2033 2505 2236 2537 omnem
2273 2489 2499 2537 ordinem

227 2571 678 2633 supernaturalem
729 2575 819 2617 aut
858 2570 1110 2618 indirecte
1159 2575 1250 2617 aut
1301 2569 1494 2617 directe
1533 2575 1713 2631 negat,
1769 2572 1910 2616 certe
1949 2571 2133 2615 enatus
2172 2571 2250 2615 est
2288 2583 2351 2615 ex
2389 2584 2500 2630 pro-

225 2649 555 2696 testantismo
583 2649 633 2695 in
661 2648 909 2710 plurimas
938 2652 1106 2695 sectas
1135 2647 1314 2707 diviso,
1356 2650 1407 2694 et
1434 2662 1497 2695 ex
1525 2647 1811 2709 agitatione
1837 2646 2127 2693 animorum
2153 2645 2272 2693 inde
2299 2645 2498 2694 enata.“

228 2727 452 2787 (Relatio
493 2728 554 2775 de
592 2727 1005 2789 exceptionibus,
1077 2725 1132 2774 O.
1170 2726 1231 2773 V.
1271 2728 1366 2773 233
1384 2742 1426 2774 c.
1456 2724 1525 2785 d.)

378 2805 391 2831 ¹
432 2806 559 2854 Inde
598 2821 801 2853 errores
827 2805 903 2852 illi
942 2806 1187 2853 dicuntur
1211 2820 1315 2852 non
1341 2805 1503 2852 fuisse
1536 2804 1723 2852 inclusi
1758 2804 1894 2852 inter
1932 2804 2179 2853 terminos
2216 2806 2505 2866 protestan-

227 2884 392 2945 tismi‚
445 2884 534 2931 sed
571 2884 831 2931 invenisse
869 2884 1024 2932 etiam
1062 2884 1254 2931 multos
1292 2883 1518 2931 asseclas
1566 2883 1701 2931 inter
1752 2883 2063 2944 catholicos3
2121 2882 2210 2946 qui
2247 2888 2420 2930 tamen
2456 2882 2506 2929 in

228 2963 569 3024 sequentibus
609 2963 855 3010 dicuntur
890 2962 982 3009 filii
1019 2962 1313 3023 Ecclesiae,
1357 2962 1391 3009 ii
1428 2977 1532 3010 non
1571 2965 1690 3009 sunt
1728 2962 1957 3009 asseclae
1994 2960 2352 3021 rationalismi,
2390 2976 2509 3023 pan-

227 3041 433 3089 theismi
472 3045 599 3101 etc.,
639 3041 727 3088 sed
765 3041 889 3101 viri,
946 3041 1033 3103 qui
1071 3057 1283 3089 causam
1320 3041 1586 3088 Ecclesiae
1624 3056 1779 3103 agere
1816 3040 2079 3099 volebant,
2119 3038 2209 3087 sed
2247 3039 2509 3087 erroribus

226 3118 570 3166 rationalismi
608 3118 938 3180 aliquatenus
965 3119 1346 3167 inficiebantur.
1397 3118 1601 3166 Etenim
1630 3134 1766 3167 unus
1802 3134 1866 3166 ex
1890 3117 2133 3166 Patribus
2158 3116 2273 3164 loco
2305 3116 2509 3179 „plures

229 3196 384 3245 etiam
424 3212 450 3244 e
488 3196 776 3244 catholicae
814 3196 1079 3245 Ecclesiae
1115 3196 1265 3244 filiis‘·
1306 3197 1429 3259 poni
1465 3196 1632 3244 voluit
1673 3196 1878 3258 „plures
1917 3196 2071 3243 etiam
2111 3195 2392 3257 scriptores
2429 3210 2510 3242 ea-

227 3274 457 3321 tholieam
501 3274 648 3332 fidem
697 3270 964 3321 asserturef“
1014 3274 1097 3321 vel
1146 3275 1296 3337 „dum
1344 3274 1634 3322 catholicam
1672 3273 1831 3333 fidem
1866 3288 2082 3321 asserere
2117 3269 2394 3330 mmmm-‘2
2444 3287 2509 3321 ne

226 3352 373 3400 initio
413 3353 703 3400 sententiae
742 3352 838 3400 soli
875 3356 1228 3413 protestantes
1265 3353 1399 3400 inter
1425 3353 1651 3400 asseclas
1677 3351 2003 3414 pantheismi,
2041 3350 2385 3399 rationalismi
2411 3353 2508 3399 etc.

227 3430 487 3478 recenseri
523 3431 841 3478 viderentur.
902 3430 1343 3489 (Emendationes.
1394 3431 1608 3479 Emend.
1650 3433 1692 3478 7.
1743 3429 1798 3478 O.
1835 3429 1897 3478 V.
1936 3432 2032 3477 220
2050 3427 2117 3489 d.)
2168 3428 2264 3477 Cui
2302 3429 2511 3491 Episco-

229 3524 324 3570 pus
361 3507 685 3556 Brixinensis
721 3508 1014 3569 respondit:
1069 3509 1329 3564 „Dicimus
1383 3523 1654 3571 expresse:
1707 3508 1824 3554 hinc
1874 3507 2027 3570 longe
2075 3507 2285 3568 lateque
2323 3510 2510 3569 vagata

229 3590 307 3634 est
344 3586 505 3647 pestis
540 3585 657 3645 illa3
696 3586 783 3633 sed
822 3586 1009 3632 exinde
1046 3586 1333 3646 inferimus,
1372 3587 1504 3633 hanc
1531 3590 1730 3648 pestem
1765 3600 1869 3632 non
1894 3585 2055 3633 fuisse
2087 3585 2338 3632 inclusam
2376 3585 2512 3632 inter

230 3665 479 3713 terminos
517 3665 946 3728 protestantismi‚
987 3665 1076 3712 sed
1113 3665 1363 3713 invasisse
1401 3666 1556 3712 etiam
1593 3664 1785 3711 multos
1813 3679 1877 3711 ex
1915 3664 2211 3711 catholicis:
2249 3666 2300 3711 et
2332 3662 2383 3721 ii,
2423 3661 2510 3724 qui

231 3742 472 3790 dicuntur
508 3743 599 3790 filii
635 3743 901 3790 Ecclesiae
938 3742 990 3788 in
1029 3757 1257 3789 errorem
1294 3743 1509 3802 inducti,
1547 3757 1650 3789 non
1690 3745 1810 3789 sunt
1847 3742 2076 3789 asseclae
2113 3739 2425 3804 pantheismi
2459 3742 2509 3786 et

228 3820 586 3867 materialismi
624 3824 736 3880 etc.,
788 3820 876 3867 sed
913 3820 1085 3883 potius
1123 3820 1245 3880 viri,
1299 3821 1386 3882 qui
1424 3820 1522 3867 sibi
1560 3818 1963 3868 blandiebantur
2000 3834 2210 3866 causam
2247 3816 2509 3865 Ecclesiae

230 3913 412 3960 agere,
463 3899 584 3961 quia
620 3914 743 3946 vero
782 3914 897 3945 cum
937 3898 1170 3946 Ecclesia
1207 3914 1310 3946 non
1348 3898 1673 3956 sentiebant,
1714 3897 1869 3944 etiam
1908 3913 1937 3944 a
1973 3913 2095 3945 vera
2130 3896 2327 3959 pietate
2364 3894 2511 3943 aber-

230 3973 460 4023 raruntf‘
537 3975 762 4035 (Relatio
802 3980 897 4023 etc.
963 3974 1018 4024 C.
1054 3976 1117 4023 V.
1157 3975 1305 4024 233d
1343 3974 1439 4038 sq.)
