2548 4290
223 172 330 225 218
409 174 523 215 Pars
547 173 606 214 ΙΙ.
653 171 809 214 Const.
845 172 901 213 de
932 171 1058 213 Eccl.
1119 169 1230 226 Cap.
1255 171 1338 212 ΙΙΙ.
1378 171 1490 226 Ipsa
1524 170 1807 214 Constitutio
1842 185 1946 214 cum
1978 172 2373 217 adnotationibus.

221 319 463 373 Domino
505 319 561 370 in
601 336 700 370 sua
738 318 990 372 Ecclesia
1029 320 1318 390 regiminis
1369 319 1608 373 formam
1648 319 2083 391 pervertentes1
2123 327 2359 392 negant,
2416 339 2502 376 so-

221 405 335 457 lum
376 404 608 456 Petrum
648 421 783 475 prae
824 405 1059 458 caeteris
1100 404 1405 474 Apostolis,
1448 405 1563 458 sive
1605 423 1855 459 seorsum
1896 406 2129 476 singulis
2170 406 2286 460 sive
2328 407 2499 461 omni-

223 490 323 542 bus
363 489 526 542 simul
544 486 582 556 2,
635 507 767 543 vero
820 491 1160 562 proprioque
1213 489 1650 544 iurisdictionis³
1700 491 1945 563 primatu
1998 491 2167 545 fuisse
2208 510 2239 544 a
2280 491 2503 547 Christo

221 576 573 641 instructum3
626 579 721 627 aut
760 576 855 646 qui
896 575 1201 643 affirmant,
1245 576 1487 631 eundem
1528 577 1829 647 primatum
1871 595 1983 630 non
2024 577 2378 645 immediate,
2421 578 2502 631 di-

221 659 528 731 recteque4
576 661 681 731 ipsi
720 661 887 715 beato
929 661 1130 727 PetrO,
1183 661 1282 714 sed
1320 661 1638 730 Ecclesiae,
1689 667 1744 715 et
1784 680 1885 732 per
1927 663 2069 716 hanc
2110 663 2191 715 illi
2230 667 2293 715 ut
2330 662 2504 734 ipsius

221 746 504 799 Ecclesiae
546 746 799 799 ministro
842 747 1090 800 delatum
1132 746 1320 800 fuisse.

370 830 469 902 [2.]
513 832 570 885 Si
613 833 733 902 quis
773 833 943 902 igitur
984 833 1208 900 dixerit,
1250 833 1475 885 beatum
1506 833 1739 886 Petrum
1777 831 2115 905 Apostolum
2156 852 2266 887 non
2311 851 2429 887 esse
2470 852 2506 887 a

222 917 442 971 Christo
471 918 713 971 Domino
757 918 1121 972 constitutum
1160 917 1561 988 Apostolorum
1603 919 1851 972 omnium
1891 919 2200 990 principem
2242 924 2297 973 et
2335 919 2507 973 totius

219 1003 502 1057 Ecclesiae
545 1004 831 1056 militantis
872 1003 1091 1057 visibile
1134 1009 1301 1074 caput
1323 1004 1360 1071 5,
1413 1005 1504 1057 vel
1546 1005 1786 1058 eundem
1832 1004 2058 1058 honoris
2099 1010 2337 1073 tantum,
2392 1023 2503 1059 non

219 1094 407 1143 autem
449 1108 617 1143 verae
658 1090 1033 1160 propriaeque
1075 1090 1475 1142 iurisdictionis
1516 1089 1861 1162 primatum⁶
1911 1091 1980 1143 ab
2022 1091 2219 1144 eodem
2260 1091 2505 1145 Domino

219 1180 407 1228 nostro
450 1175 580 1228 Iesu
622 1174 842 1228 Christo
888 1175 1099 1228 directe
1139 1182 1194 1228 et
1233 1176 1556 1229 immediate
1582 1176 1601 1206 ⁷
1641 1177 1949 1247 accepisse,
1993 1177 2290 1230 anathema
2330 1178 2416 1231 sit.

371 1352 384 1378 ¹
428 1352 740 1414 „Regiminis
777 1353 945 1400 forma
982 1353 1175 1415 pendet
1213 1369 1243 1400 a
1271 1353 1505 1402 subiecto
1533 1370 1807 1417 supremae
1833 1355 1885 1402 in
1924 1355 2174 1403 societate
2199 1355 2505 1417 potestatis:

218 1430 358 1479 illam
399 1445 521 1492 ergo
558 1431 831 1494 pervertit,
872 1432 956 1492 qui
995 1431 1128 1478 hanc
1163 1431 1245 1478 vel
1286 1447 1349 1479 ex
1387 1432 1592 1494 integro
1618 1433 1700 1480 vel
1728 1448 1792 1480 ex
1817 1436 1966 1495 parte
1994 1433 2227 1482 subiecto
2266 1433 2504 1497 denegat,

219 1510 301 1558 cui
340 1510 520 1557 eadem
547 1523 637 1571 per
664 1524 963 1571 supremum
992 1510 1256 1558 societatis
1284 1514 1552 1558 auctorem
1581 1508 1872 1573 competit.“
1926 1510 2331 1571 (Adnotationes
2356 1511 2503 1560 theo-

217 1588 454 1649 logorum
494 1588 559 1635 ad
597 1587 804 1635 schema
843 1587 906 1634 de
942 1587 1193 1635 Ecclesia.
1267 1586 1321 1635 O.
1360 1587 1423 1636 V.
1462 1588 1614 1636 6120.
1643 1587 1712 1648 (l.)

369 1665 385 1692 ²
423 1665 486 1714 V.
528 1681 687 1728 supra
725 1681 835 1728 cap.
873 1665 945 1714 II.
985 1670 1258 1714 comment.
1299 1666 1370 1714 II.
1409 1682 1458 1727 p.
1500 1668 1592 1714 129
1632 1682 1744 1729 sqq.
1815 1666 1895 1715 Of.
1933 1667 2069 1715 infra
2106 1667 2255 1715 223¹.

369 1743 385 1770 ³
425 1743 472 1790 A
509 1743 754 1791 Patribus
791 1744 1197 1806 proponebatur,
1236 1747 1295 1791 ut
1331 1744 1615 1792 adderetur
1655 1748 1736 1805 „et
1772 1742 2106 1807 magisterii“.
2173 1745 2298 1792 Eius
2337 1760 2506 1793 emer.-

221 1822 444 1870 dationis
496 1821 631 1869 ratio
682 1821 863 1868 habita
908 1836 1012 1868 non
1062 1825 1155 1869 est.
1238 1821 1444 1869 Etenim
1497 1825 1763 1883 „potestas
1811 1822 2099 1885 magisterii
2152 1823 2536 1883 ecclesiastici,-

220 1900 509 1948 cuiusmodi
548 1902 626 1947 est
662 1902 896 1961 potestas
935 1900 1172 1960 docendi,
1211 1903 1323 1947 tum
1360 1899 1411 1946 in
1437 1899 1709 1961 Episcopis
1748 1900 1986 1949 omnibus
2024 1904 2133 1948 tum
2170 1901 2221 1947 in
2247 1900 2508 1964 Episcopo

217 1979 620 2042 Epimoporum,
671 1978 736 2024 ad
783 1981 1099 2039 potestatem
1137 1977 1513 2025 iurisdictionis
1551 1978 1748 2039 pariter
1801 1975 2056 2041 spectat“.
2129 1978 2357 2039 (Relatio
2408 1983 2506 2027 etc.

221 2056 276 2104 O.
315 2057 376 2104 V.
417 2054 597 2114 27511.)
783 2054 802 2081 4
838 2055 901 2103 V.
940 2071 1098 2118 supra
1135 2072 1183 2118 p.
1224 2055 1334 2104 216.
1374 2055 1549 2104 adnot.
1592 2057 1635 2104 1.

371 2133 385 2160 ⁵
425 2134 676 2196 Theologi
712 2134 851 2181 hunc
890 2148 1139 2181 canonem
1177 2133 1463 2182 formantes
1502 2134 1565 2182 ob
1606 2133 1785 2182 oculos
1821 2134 2088 2183 habebant
2125 2150 2328 2183 errores
2356 2150 2509 2198 quos-

221 2215 337 2262 dam
376 2212 594 2261 Marsilii
631 2211 871 2260 Patavini
920 2216 971 2260 et
1019 2213 1230 2260 Ioannis
1280 2212 1342 2259 de
1379 2211 1616 2260 Ianduno
1668 2229 1803 2261 anno
1848 2215 1972 2260 1327
2018 2229 2048 2261 a
2096 2214 2295 2261 Ioanne
2331 2213 2506 2261 XXIJ.

221 2292 519 2340 damnatos:
576 2289 757 2350 „Quod
794 2290 842 2338 b.
880 2289 1070 2338 Petrus
1107 2290 1395 2352 Apostolus
1444 2305 1548 2337 non
1585 2290 1701 2352 plus
1739 2291 2068 2339 auctoritatis
2105 2291 2312 2352 habuit,
2351 2306 2506 2355 quam

217 2370 307 2418 alii
344 2369 584 2432 Apostoli
621 2369 947 2428 habuerunt,
1000 2384 1096 2415 nec
1133 2368 1354 2415 aliorum
1392 2367 1765 2429 Apostolorum
1816 2369 1916 2417 fuit
1954 2373 2125 2431 caput.
2196 2370 2330 2417 Item
2368 2368 2507 2432 quod

220 2447 459 2496 Christus
495 2446 696 2493 nullum
734 2451 891 2508 caput
929 2446 1120 2493 dimisit
1157 2445 1439 2504 Ecclesiae,
1478 2462 1574 2493 nec
1608 2446 1834 2510 aliquem
1860 2446 2109 2494 vicarium
2147 2462 2296 2494 suum
2321 2443 2508 2507 fecit“;

221 2531 273 2574 et
311 2530 409 2574 art.
449 2527 493 2573 7.
531 2525 667 2572 inter
704 2524 956 2571 articulos
995 2524 1207 2571 Ioannis
1243 2524 1385 2573 Huss
1431 2527 1483 2574 in
1523 2523 1755 2572 Concilio
1795 2523 2184 2573 Constantiensi
2222 2528 2273 2572 et
2310 2540 2339 2572 a
2374 2524 2509 2571 Mar·

219 2605 328 2652 tino
356 2604 418 2650 V.
458 2603 752 2651 damnatos:
800 2603 1018 2662 „Petrus
1055 2619 1158 2651 non
1197 2607 1276 2651 est
1313 2620 1408 2652 nec
1446 2604 1549 2652 fuit
1587 2607 1743 2665 caput
1780 2603 2048 2651 Ecclesiae
2085 2605 2296 2651 sanctae
2334 2602 2509 2650 catho-

217 2681 393 2731 licae.“
471 2680 570 2741 (Of.
609 2680 990 2728 Adnotationes
1030 2681 1093 2728 ad
1132 2682 1342 2729 schema
1380 2683 1442 2730 de
1478 2682 1728 2729 Ecclesia.
1802 2679 1856 2729 O.
1896 2681 1958 2729 V.
1999 2679 2183 2741 634b.)

370 2759 386 2787 ⁶
422 2760 794 2822 Respiciuntur
828 2759 1035 2821 aliqua,
1086 2775 1218 2822 quae
1256 2764 1540 2808 occurrunt
1588 2760 1725 2807 inter
1762 2760 2013 2807 articulos
2052 2762 2141 2820 39,
2188 2760 2251 2808 de
2301 2759 2506 2823 quibus.

221 2840 309 2903 qui
347 2854 581 2887 errorum
617 2837 832 2885 Wieleff
867 2841 919 2884 et
946 2837 1087 2884 Huss
1127 2838 1356 2900 suspecti
1394 2842 1560 2899 erant,
1603 2854 1668 2886 ex
1704 2838 1950 2886 mandato
1987 2837 2199 2885 Martini
2236 2837 2407 2901 Papae
2443 2836 2508 2885 V.

216 2919 269 2966 in
302 2918 456 2965 Bulla
486 2918 661 2978 „Inter
700 2913 944 2964 cunctas“
987 2916 1348 2978 interrogandi
1388 2921 1551 2977 erant,
1590 2922 1649 2965 ut
1686 2921 1783 2964 art.
1822 2918 1927 2964 23.:
1970 2917 2150 2977 „Item‚
2188 2920 2365 2965 utrum
2403 2931 2510 2964 cre·-

220 2997 334 3058 dat,
386 2996 525 3059 quod
572 2997 621 3044 b.
659 2995 847 3043 Petrus
894 2994 1055 3042 fucrit
1106 2995 1333 3042 vicarius
1373 2995 1567 3044 Christi
1615 2995 1813 3043 habens
1862 2998 2176 3056 potestatem
2231 2994 2423 3057 ligandi
2458 3005 2506 3042 et

219 3074 453 3122 solvendi
502 3089 657 3135 super
703 3069 948 3133 terram“,
1003 3076 1053 3119 et
1104 3073 1391 3135 propositio
1442 3074 1688 3121 damnata
1736 3073 1800 3120 ab
1850 3072 2157 3120 Innocentio
2193 3071 2259 3120 X.
2298 3072 2508 3119 decret<v

220 3152 441 3200 Sanctae
468 3151 902 3213 Oongregationis
929 3150 1291 3212 Inquisitionis
1323 3153 1448 3199 1647
1477 3151 1523 3198 d.
1552 3152 1629 3199 29.
1657 3151 1915 3198 Ianuarii:
1957 3148 2293 3210 „Omnimoda
2317 3165 2499 3212 aequa·

221 3231 341 3278 litas
380 3230 516 3277 inter
543 3229 590 3277 S.
616 3229 831 3276 Petrum
861 3232 911 3275 et
938 3227 986 3276 S.
1013 3227 1235 3276 Paulum
1263 3229 1372 3276 sine
1401 3228 1830 3277 subordinatione
1856 3231 1906 3276 et
1934 3227 2255 3275 subiectione
2283 3226 2330 3276 S.
2357 3226 2501 3274 Pauli

217 3309 282 3356 ad
322 3308 369 3357 S.
407 3309 622 3356 Petrum
661 3308 713 3354 in
749 3310 1014 3369 potestate
1054 3322 1297 3369 suprema
1335 3310 1386 3354 et
1422 3307 1676 3370 regimine
1715 3306 2025 3354 universalis
2061 3305 2327 3353 Ecclesiae
2365 3304 2501 3353 velut

217 3384 508 3434 haeretica.“
584 3386 778 3433 Eodem
828 3385 1132 3432 referuntur
1185 3400 1437 3433 censurae
1488 3385 1550 3433 cle
1602 3384 2045 3447 propositionibus
2093 3383 2159 3431 M.
2197 3382 2260 3430 A.
2307 3382 2369 3430 de
2404 3382 2504 3429 Do-

217 3465 369 3512 minis
415 3465 556 3512 latae
605 3479 635 3511 a
670 3464 924 3511 facultate
962 3462 1246 3511 Parisiensi
1298 3463 1438 3526 apud
1475 3463 1671 3510 Duval:
1722 3462 1796 3509 De
1834 3461 2054 3509 Romani
2101 3459 2368 3508 Pontificis
2415 3474 2504 3522 po-

218 3546 411 3591 testate
447 3559 494 3605 p.
532 3542 572 3589 1.
613 3558 660 3604 q.
701 3541 752 3589 2:
809 3540 1160 3603 „Propositio:
1212 3540 1357 3588 Sicut
1393 3539 1635 3603 Apostoli
1674 3539 1826 3587 simul
1876 3542 1927 3586 et
1972 3539 2025 3586 in
2064 3538 2283 3586 solidum
2322 3537 2505 3585 aristo-

219 3620 411 3667 cratice
449 3635 624 3667 curam
673 3619 929 3681 gerebant
965 3618 1233 3666 Ecclesiae
1282 3634 1400 3666 cum
1436 3620 1699 3681 potestate
1736 3616 1941 3679 aequali
1979 3620 2031 3664 et
2067 3614 2376 3675 universali,
2429 3614 2504 3662 ita

218 3697 462 3760 Episcopi
499 3713 676 3746 omnes
713 3696 866 3744 simul
905 3700 955 3744 et
992 3696 1045 3743 in
1083 3696 1307 3743 solidum
1344 3696 1560 3744 eandem
1596 3697 1787 3757 regunt
1824 3694 2123 3752 Ecclesiam,
2162 3691 2352 3755 singuli
2389 3706 2503 3739 cum

218 3776 371 3837 plena
407 3778 694 3838 potestate:
732 3775 861 3823 haec
897 3775 1184 3838 propositio
1223 3778 1302 3821 est
1327 3774 1622 3830 haeretica:
1661 3776 1711 3820 et
1748 3772 2077 3819 schismatica
2115 3770 2285 3834 quoad
2321 3769 2503 3818 ultima

219 3854 405 3901 verba:
445 3853 638 3914 singuli
675 3869 791 3900 cum
828 3853 982 3916 plena
1019 3855 1300 3914 potestate.
1350 3852 1483 3899 Tum
1508 3852 1609 3898 ista
1645 3850 1960 3912 propositio:
1999 3849 2061 3897 In
2098 3850 2360 3911 potestate
2392 3846 2506 3894 uni-

220 3931 409 3978 versali
447 3931 732 3978 succedunt
770 3930 1013 3993 Episcopi
1048 3945 1153 3977 non
1189 3928 1342 3976 modo
1379 3928 1625 3988 universi,
1669 3928 1759 3975 sed
1798 3927 1954 3975 etiam
1993 3926 2201 3989 singuli,
2238 3924 2503 3973 haeretica

219 4012 298 4055 est
336 4012 388 4057 et
425 4005 799 4057 schismatica.“
876 4006 974 4067 (Of.
1014 4005 1070 4056 C.
1107 4007 1171 4055 V.
1210 4008 1367 4055 634b.
1395 4005 1459 4066 c.)
1646 4006 1660 4031 ⁷
1700 4005 1762 4053 V.
1804 4021 1851 4067 p.
1892 4006 1985 4052 216
2024 4005 2183 4052 adnot
2224 4005 2266 4051 1.
