<?xml version="1.0" encoding="UTF-8"?>
<!DOCTYPE html PUBLIC "-//W3C//DTD XHTML 1.0 Transitional//EN"
    "http://www.w3.org/TR/xhtml1/DTD/xhtml1-transitional.dtd">
<html xmlns="http://www.w3.org/1999/xhtml" xml:lang="en" lang="en">
 <head>
  <title>
</title>
<meta http-equiv="Content-Type" content="text/html;charset=utf-8" />
  <meta name='ocr-system' content='tesseract 3.04.00' />
  <meta name='ocr-capabilities' content='ocr_page ocr_carea ocr_par ocr_line ocrx_word'/>
</head>
<body>
  <div class='ocr_page' id='page_1' title='image "a584483100granuoft_0098.png"; bbox 0 0 2548 4290; ppageno 0'>
   <div class='ocr_carea' id='block_1_1' title="bbox 243 136 2321 193">
    <p class='ocr_par' dir='ltr' id='par_1_1' title="bbox 243 136 2321 193">
     <span class='ocr_line' id='line_1_1' title="bbox 243 136 2321 193; baseline -0 -11"><span class='ocrx_word' id='word_1_1' title='bbox 243 138 313 191; x_wconf 82' lang='lat'>84</span> <span class='ocrx_word' id='word_1_2' title='bbox 445 141 561 182; x_wconf 89' lang='lat' dir='ltr'>Pars</span> <span class='ocrx_word' id='word_1_3' title='bbox 592 140 628 181; x_wconf 91' lang='grc' dir='ltr'>Ι.</span> <span class='ocrx_word' id='word_1_4' title='bbox 688 138 845 181; x_wconf 91' lang='lat' dir='ltr'>Const.</span> <span class='ocrx_word' id='word_1_5' title='bbox 880 139 935 181; x_wconf 88' lang='lat' dir='ltr'>de</span> <span class='ocrx_word' id='word_1_6' title='bbox 966 138 1069 180; x_wconf 86' lang='lat' dir='ltr'>fide.</span> <span class='ocrx_word' id='word_1_7' title='bbox 1134 137 1247 193; x_wconf 83' lang='lat' dir='ltr'>Cap.</span> <span class='ocrx_word' id='word_1_8' title='bbox 1279 138 1363 180; x_wconf 88' lang='grc' dir='ltr'><strong>ΙΙΙ.</strong></span> <span class='ocrx_word' id='word_1_9' title='bbox 1418 139 1529 193; x_wconf 86' lang='lat' dir='ltr'>Ipsa</span> <span class='ocrx_word' id='word_1_10' title='bbox 1564 136 1758 180; x_wconf 87' lang='lat' dir='ltr'>Constit.</span> <span class='ocrx_word' id='word_1_11' title='bbox 1792 151 1895 180; x_wconf 90' lang='lat' dir='ltr'>cum</span> <span class='ocrx_word' id='word_1_12' title='bbox 1930 138 2321 181; x_wconf 80' lang='lat' dir='ltr'>adnotationibus.</span> 
     </span>
    </p>
   </div>
   <div class='ocr_carea' id='block_1_2' title="bbox 235 283 2542 1126">
    <p class='ocr_par' dir='ltr' id='par_1_2' title="bbox 235 283 2542 783">
     <span class='ocr_line' id='line_1_2' title="bbox 240 283 2514 355; baseline 0.001 -17"><span class='ocrx_word' id='word_1_13' title='bbox 240 285 471 355; x_wconf 89' lang='lat' dir='ltr'>phetae,</span> <span class='ocrx_word' id='word_1_14' title='bbox 524 289 641 337; x_wconf 89' lang='lat' dir='ltr'>tum</span> <span class='ocrx_word' id='word_1_15' title='bbox 679 284 797 355; x_wconf 89' lang='lat' dir='ltr'>ipse</span> <span class='ocrx_word' id='word_1_16' title='bbox 839 286 1082 338; x_wconf 81' lang='lat' dir='ltr'>maxime</span> <span class='ocrx_word' id='word_1_17' title='bbox 1125 284 1378 338; x_wconf 80' lang='lat' dir='ltr'>Christus</span> <span class='ocrx_word' id='word_1_18' title='bbox 1417 283 1693 336; x_wconf 80' lang='lat' dir='ltr'>Dominus</span> <span class='ocrx_word' id='word_1_19' title='bbox 1742 285 1917 337; x_wconf 88' lang='lat' dir='ltr'>multa</span> <span class='ocrx_word' id='word_1_20' title='bbox 1969 289 2025 338; x_wconf 92' lang='lat' dir='ltr'>et</span> <span class='ocrx_word' id='word_1_21' title='bbox 2064 285 2514 342; x_wconf 81' lang='lat' dir='ltr'>manifestissima</span> 
     </span>
     <span class='ocr_line' id='line_1_3' title="bbox 241 369 2511 441; baseline 0.002 -19"><span class='ocrx_word' id='word_1_22' title='bbox 241 371 505 424; x_wconf 90' lang='lat' dir='ltr'>miracula</span> <span class='ocrx_word' id='word_1_23' title='bbox 546 376 601 423; x_wconf 89' lang='lat' dir='ltr'>et</span> <span class='ocrx_word' id='word_1_24' title='bbox 640 370 963 441; x_wconf 80' lang='lat' dir='ltr'>prophetias</span> <span class='ocrx_word' id='word_1_25' title='bbox 1005 370 1327 436; x_wconf 86' lang='lat' dir='ltr'>ediderunt3</span> <span class='ocrx_word' id='word_1_26' title='bbox 1371 374 1426 423; x_wconf 89' lang='lat' dir='ltr'>et</span> <span class='ocrx_word' id='word_1_27' title='bbox 1467 369 1534 423; x_wconf 89' lang='lat' dir='ltr'>de</span> <span class='ocrx_word' id='word_1_28' title='bbox 1565 370 1851 440; x_wconf 91' lang='lat' dir='ltr'>Apostolis</span> <span class='ocrx_word' id='word_1_29' title='bbox 1891 370 2152 440; x_wconf 88' lang='lat' dir='ltr'>legimus:</span> <span class='ocrx_word' id='word_1_30' title='bbox 2196 371 2287 425; x_wconf 93' lang='lat' dir='ltr'>Illi</span> <span class='ocrx_word' id='word_1_31' title='bbox 2327 376 2511 427; x_wconf 83' lang='lat' dir='ltr'>autem</span> 
     </span>
     <span class='ocr_line' id='line_1_4' title="bbox 240 455 2512 527; baseline 0.001 -20"><span class='ocrx_word' id='word_1_32' title='bbox 240 455 477 527; x_wconf 90' lang='lat' dir='ltr'>profecti</span> <span class='ocrx_word' id='word_1_33' title='bbox 517 455 981 525; x_wconf 88' lang='lat' dir='ltr'>praedicaverunt</span> <span class='ocrx_word' id='word_1_34' title='bbox 1020 456 1244 527; x_wconf 90' lang='lat' dir='ltr'>ubique,</span> <span class='ocrx_word' id='word_1_35' title='bbox 1285 455 1528 509; x_wconf 91' lang='lat' dir='ltr'>Domino</span> <span class='ocrx_word' id='word_1_36' title='bbox 1557 460 1912 526; x_wconf 81' lang='lat' dir='ltr'>cooperante,</span> <span class='ocrx_word' id='word_1_37' title='bbox 1955 461 2010 509; x_wconf 92' lang='lat' dir='ltr'>et</span> <span class='ocrx_word' id='word_1_38' title='bbox 2044 473 2358 509; x_wconf 89' lang='lat' dir='ltr'>sermonem</span> <span class='ocrx_word' id='word_1_39' title='bbox 2387 473 2512 510; x_wconf 77' lang='lat' dir='ltr'>con-¹</span> 
     </span>
     <span class='ocr_line' id='line_1_5' title="bbox 239 540 2542 612; baseline 0.002 -20"><span class='ocrx_word' id='word_1_40' title='bbox 239 540 528 608; x_wconf 88' lang='lat' dir='ltr'>firmante,</span> <span class='ocrx_word' id='word_1_41' title='bbox 584 541 944 612; x_wconf 89' lang='lat' dir='ltr'>sequentibus</span> <span class='ocrx_word' id='word_1_42' title='bbox 1000 541 1172 612; x_wconf 86' lang='lat' dir='ltr'>signis</span> <span class='ocrx_word' id='word_1_43' title='bbox 1199 543 1263 608; x_wconf 62' lang='lat' dir='ltr'>a),</span> <span class='ocrx_word' id='word_1_44' title='bbox 1342 540 1416 593; x_wconf 86' lang='lat' dir='ltr'>Et</span> <span class='ocrx_word' id='word_1_45' title='bbox 1467 559 1686 593; x_wconf 88' lang='lat' dir='ltr'>rursum</span> <span class='ocrx_word' id='word_1_46' title='bbox 1735 542 2003 612; x_wconf 90' lang='lat' dir='ltr'>scriptum</span> <span class='ocrx_word' id='word_1_47' title='bbox 2058 546 2168 594; x_wconf 88' lang='lat' dir='ltr'>est:</span> <span class='ocrx_word' id='word_1_48' title='bbox 2224 541 2542 597; x_wconf 76' lang='lat' dir='ltr'>Habemus</span> 
     </span>
     <span class='ocr_line' id='line_1_6' title="bbox 238 626 2512 698; baseline 0.002 -20"><span class='ocrx_word' id='word_1_49' title='bbox 238 626 538 680; x_wconf 88' lang='lat' dir='ltr'>firmiorem</span> <span class='ocrx_word' id='word_1_50' title='bbox 579 627 968 698; x_wconf 89' lang='lat' dir='ltr'>propheticum</span> <span class='ocrx_word' id='word_1_51' title='bbox 1018 644 1362 694; x_wconf 88' lang='lat' dir='ltr'>sermonem,</span> <span class='ocrx_word' id='word_1_52' title='bbox 1417 626 1504 678; x_wconf 92' lang='lat' dir='ltr'>cui</span> <span class='ocrx_word' id='word_1_53' title='bbox 1546 627 1689 680; x_wconf 89' lang='lat' dir='ltr'>bene</span> <span class='ocrx_word' id='word_1_54' title='bbox 1741 626 1924 680; x_wconf 88' lang='lat' dir='ltr'>facitis</span> <span class='ocrx_word' id='word_1_55' title='bbox 1964 627 2318 681; x_wconf 89' lang='lat' dir='ltr'>attendentes</span> <span class='ocrx_word' id='word_1_56' title='bbox 2359 627 2512 698; x_wconf 81' lang='lat' dir='ltr'>quasi</span> 
     </span>
     <span class='ocr_line' id='line_1_7' title="bbox 235 711 1448 783; baseline 0.002 -20"><span class='ocrx_word' id='word_1_57' title='bbox 235 711 500 766; x_wconf 88' lang='lat' dir='ltr'>lucernae</span> <span class='ocrx_word' id='word_1_58' title='bbox 540 713 748 766; x_wconf 91' lang='lat' dir='ltr'>lucenti</span> <span class='ocrx_word' id='word_1_59' title='bbox 788 713 846 765; x_wconf 92' lang='lat' dir='ltr'>in</span> <span class='ocrx_word' id='word_1_60' title='bbox 887 713 1191 783; x_wconf 85' lang='lat' dir='ltr'>caliginoso</span> <span class='ocrx_word' id='word_1_61' title='bbox 1232 712 1355 765; x_wconf 92' lang='lat' dir='ltr'>loco</span> <span class='ocrx_word' id='word_1_62' title='bbox 1374 712 1448 780; x_wconf 84' lang='lat' dir='ltr'>b).</span> 
     </span>
    </p>

    <p class='ocr_par' dir='ltr' id='par_1_3' title="bbox 238 797 2518 1126">
     <span class='ocr_line' id='line_1_8' title="bbox 389 797 2514 869; baseline 0.001 -18"><span class='ocrx_word' id='word_1_63' title='bbox 389 797 485 868; x_wconf 86' lang='lat'><strong>[3.]</strong></span> <span class='ocrx_word' id='word_1_64' title='bbox 525 799 686 852; x_wconf 90' lang='lat' dir='ltr'>Licet</span> <span class='ocrx_word' id='word_1_65' title='bbox 726 804 912 852; x_wconf 91' lang='lat' dir='ltr'>autem</span> <span class='ocrx_word' id='word_1_66' title='bbox 940 798 1070 852; x_wconf 89' lang='lat' dir='ltr'>fidei</span> <span class='ocrx_word' id='word_1_67' title='bbox 1098 816 1353 851; x_wconf 82' lang='lat' dir='ltr'>assensus</span> <span class='ocrx_word' id='word_1_68' title='bbox 1387 816 1740 869; x_wconf 88' lang='lat' dir='ltr'>nequaquam</span> <span class='ocrx_word' id='word_1_69' title='bbox 1782 798 1852 851; x_wconf 88' lang='lat' dir='ltr'>sit</span> <span class='ocrx_word' id='word_1_70' title='bbox 1880 804 2061 852; x_wconf 88' lang='lat' dir='ltr'>motus</span> <span class='ocrx_word' id='word_1_71' title='bbox 2090 799 2259 852; x_wconf 89' lang='lat' dir='ltr'>animi</span> <span class='ocrx_word' id='word_1_72' title='bbox 2288 816 2514 854; x_wconf 87' lang='lat' dir='ltr'>caecus:</span> 
     </span>
     <span class='ocr_line' id='line_1_9' title="bbox 238 883 2518 955; baseline 0.001 -20"><span class='ocrx_word' id='word_1_73' title='bbox 238 901 401 936; x_wconf 91' lang='lat' dir='ltr'>nemo</span> <span class='ocrx_word' id='word_1_74' title='bbox 444 894 630 938; x_wconf 85' lang='lat' dir='ltr'>tamen</span> <span class='ocrx_word' id='word_1_75' title='bbox 672 884 1032 954; x_wconf 83' lang='lat' dir='ltr'>evangelicae</span> <span class='ocrx_word' id='word_1_76' title='bbox 1071 883 1474 955; x_wconf 88' lang='lat' dir='ltr'>praedicationi</span> <span class='ocrx_word' id='word_1_77' title='bbox 1516 883 1830 937; x_wconf 89' lang='lat' dir='ltr'>consentire</span> <span class='ocrx_word' id='word_1_78' title='bbox 1872 889 2072 954; x_wconf 87' lang='lat' dir='ltr'>potest,</span> <span class='ocrx_word' id='word_1_79' title='bbox 2116 885 2258 938; x_wconf 89' lang='lat' dir='ltr'>sicut</span> <span class='ocrx_word' id='word_1_80' title='bbox 2299 890 2518 953; x_wconf 77' lang='lat' dir='ltr'>oportet</span> 
     </span>
     <span class='ocr_line' id='line_1_10' title="bbox 239 969 2514 1043; baseline 0.001 -22"><span class='ocrx_word' id='word_1_81' title='bbox 239 969 310 1021; x_wconf 89' lang='lat' dir='ltr'>ad</span> <span class='ocrx_word' id='word_1_82' title='bbox 351 970 585 1023; x_wconf 89' lang='lat' dir='ltr'>salutem</span> <span class='ocrx_word' id='word_1_83' title='bbox 629 969 1096 1041; x_wconf 89' lang='lat' dir='ltr'>consequendam,</span> <span class='ocrx_word' id='word_1_84' title='bbox 1141 969 1350 1040; x_wconf 89' lang='lat' dir='ltr'>absque</span> <span class='ocrx_word' id='word_1_85' title='bbox 1390 969 1800 1023; x_wconf 84' lang='lat' dir='ltr'>illuminatione</span> <span class='ocrx_word' id='word_1_86' title='bbox 1842 974 1897 1023; x_wconf 91' lang='lat' dir='ltr'>et</span> <span class='ocrx_word' id='word_1_87' title='bbox 1936 970 2300 1041; x_wconf 87' lang='lat' dir='ltr'>inspiratione</span> <span class='ocrx_word' id='word_1_88' title='bbox 2343 971 2514 1043; x_wconf 81' lang='lat' dir='ltr'>Spiri-</span> 
     </span>
     <span class='ocr_line' id='line_1_11' title="bbox 238 1054 2513 1126; baseline 0.002 -21"><span class='ocrx_word' id='word_1_89' title='bbox 238 1059 325 1106; x_wconf 90' lang='lat' dir='ltr'>tus</span> <span class='ocrx_word' id='word_1_90' title='bbox 368 1054 581 1121; x_wconf 80' lang='lat' dir='ltr'>Sancti,</span> <span class='ocrx_word' id='word_1_91' title='bbox 637 1055 730 1126; x_wconf 92' lang='lat' dir='ltr'>qui</span> <span class='ocrx_word' id='word_1_92' title='bbox 772 1055 866 1108; x_wconf 90' lang='lat' dir='ltr'>dat</span> <span class='ocrx_word' id='word_1_93' title='bbox 907 1054 1161 1107; x_wconf 90' lang='lat' dir='ltr'>omnibus</span> <span class='ocrx_word' id='word_1_94' title='bbox 1203 1054 1535 1108; x_wconf 85' lang='lat' dir='ltr'>suavitatem</span> <span class='ocrx_word' id='word_1_95' title='bbox 1589 1055 1647 1107; x_wconf 91' lang='lat' dir='ltr'>in</span> <span class='ocrx_word' id='word_1_96' title='bbox 1688 1055 2088 1109; x_wconf 87' lang='lat' dir='ltr'>consentiendo</span> <span class='ocrx_word' id='word_1_97' title='bbox 2143 1061 2198 1109; x_wconf 89' lang='lat' dir='ltr'>et</span> <span class='ocrx_word' id='word_1_98' title='bbox 2237 1055 2513 1111; x_wconf 81' lang='lat' dir='ltr'>credendo</span> 
     </span>
    </p>
   </div>
   <div class='ocr_carea' id='block_1_3' title="bbox 244 1182 432 1186">
    <p class='ocr_par' dir='ltr' id='par_1_4' title="bbox 244 1182 432 1186">
     <span class='ocr_line' id='line_1_12' title="bbox 244 1182 432 1186; baseline 0 0"><span class='ocrx_word' id='word_1_99' title='bbox 244 1182 432 1186; x_wconf 95' lang='lat' dir='ltr'> </span> 
     </span>
    </p>
   </div>
   <div class='ocr_carea' id='block_1_4' title="bbox 387 1247 1661 1309">
    <p class='ocr_par' dir='ltr' id='par_1_5' title="bbox 387 1247 1661 1309">
     <span class='ocr_line' id='line_1_13' title="bbox 387 1247 1661 1309; baseline 0.002 -14"><span class='ocrx_word' id='word_1_100' title='bbox 387 1248 436 1307; x_wconf 91' lang='lat' dir='ltr'>a)</span> <span class='ocrx_word' id='word_1_101' title='bbox 475 1248 633 1296; x_wconf 88' lang='lat' dir='ltr'>Marc.</span> <span class='ocrx_word' id='word_1_102' title='bbox 670 1247 817 1309; x_wconf 90' lang='lat' dir='ltr'>XVI,</span> <span class='ocrx_word' id='word_1_103' title='bbox 857 1249 936 1296; x_wconf 78' lang='lat'>20.</span> <span class='ocrx_word' id='word_1_104' title='bbox 1118 1247 1171 1307; x_wconf 90' lang='lat' dir='ltr'>b)</span> <span class='ocrx_word' id='word_1_105' title='bbox 1210 1248 1279 1296; x_wconf 89' lang='grc' dir='ltr'>ΙΙ.</span> <span class='ocrx_word' id='word_1_106' title='bbox 1319 1248 1459 1296; x_wconf 89' lang='lat' dir='ltr'>Petr.</span> <span class='ocrx_word' id='word_1_107' title='bbox 1500 1250 1542 1308; x_wconf 94' lang='lat'>1,</span> <span class='ocrx_word' id='word_1_108' title='bbox 1587 1250 1661 1297; x_wconf 81' lang='lat'>19.</span> 
     </span>
    </p>
   </div>
   <div class='ocr_carea' id='block_1_5' title="bbox 238 1347 2291 1355">
    <p class='ocr_par' dir='ltr' id='par_1_6' title="bbox 238 1347 2291 1355">
     <span class='ocr_line' id='line_1_14' title="bbox 238 1347 2291 1355; baseline 0 0"><span class='ocrx_word' id='word_1_109' title='bbox 238 1347 2291 1355; x_wconf 95' lang='lat' dir='ltr'> </span> 
     </span>
    </p>
   </div>
   <div class='ocr_carea' id='block_1_6' title="bbox 1654 1351 2291 1354">
    <p class='ocr_par' dir='ltr' id='par_1_7' title="bbox 1654 1351 2291 1354">
     <span class='ocr_line' id='line_1_15' title="bbox 1654 1351 2291 1354; baseline 0 0"><span class='ocrx_word' id='word_1_110' title='bbox 1654 1351 2291 1354; x_wconf 95' lang='lat' dir='ltr'> </span> 
     </span>
    </p>
   </div>
   <div class='ocr_carea' id='block_1_7' title="bbox 236 1396 2548 4035">
    <p class='ocr_par' dir='ltr' id='par_1_8' title="bbox 236 1396 2533 1929">
     <span class='ocr_line' id='line_1_16' title="bbox 239 1396 2533 1460; baseline 0 -16"><span class='ocrx_word' id='word_1_111' title='bbox 239 1397 426 1444; x_wconf 88' lang='lat' dir='ltr'>desunt</span> <span class='ocrx_word' id='word_1_112' title='bbox 464 1397 580 1458; x_wconf 90' lang='lat' dir='ltr'>alii,</span> <span class='ocrx_word' id='word_1_113' title='bbox 633 1397 721 1460; x_wconf 90' lang='lat' dir='ltr'>qui</span> <span class='ocrx_word' id='word_1_114' title='bbox 758 1396 1006 1455; x_wconf 86' lang='lat' dir='ltr'>doceant,</span> <span class='ocrx_word' id='word_1_115' title='bbox 1059 1397 1200 1445; x_wconf 86' lang='lat' dir='ltr'>facta</span> <span class='ocrx_word' id='word_1_116' title='bbox 1235 1397 1326 1444; x_wconf 91' lang='lat' dir='ltr'>illa</span> <span class='ocrx_word' id='word_1_117' title='bbox 1364 1397 1785 1460; x_wconf 83' lang='lat' dir='ltr'>supernaturalia</span> <span class='ocrx_word' id='word_1_118' title='bbox 1820 1412 1923 1444; x_wconf 91' lang='lat' dir='ltr'>non</span> <span class='ocrx_word' id='word_1_119' title='bbox 1960 1413 2114 1460; x_wconf 88' lang='lat' dir='ltr'>posse</span> <span class='ocrx_word' id='word_1_120' title='bbox 2149 1396 2371 1460; x_wconf 84' lang='lat' dir='ltr'>intelligi</span> <span class='ocrx_word' id='word_1_121' title='bbox 2407 1400 2533 1457; x_wconf 75' lang='lat' dir='ltr'>tan-3</span> 
     </span>
     <span class='ocr_line' id='line_1_17' title="bbox 236 1475 2516 1539; baseline 0.001 -17"><span class='ocrx_word' id='word_1_122' title='bbox 236 1491 390 1537; x_wconf 89' lang='lat' dir='ltr'>quam</span> <span class='ocrx_word' id='word_1_123' title='bbox 417 1475 610 1522; x_wconf 89' lang='lat' dir='ltr'>motiva</span> <span class='ocrx_word' id='word_1_124' title='bbox 636 1475 1013 1536; x_wconf 88' lang='lat' dir='ltr'>credibilitatis,</span> <span class='ocrx_word' id='word_1_125' title='bbox 1053 1475 1151 1523; x_wconf 89' lang='lat' dir='ltr'>nisi</span> <span class='ocrx_word' id='word_1_126' title='bbox 1175 1475 1302 1523; x_wconf 89' lang='lat' dir='ltr'>fides</span> <span class='ocrx_word' id='word_1_127' title='bbox 1338 1476 1440 1523; x_wconf 90' lang='lat' dir='ltr'>iam</span> <span class='ocrx_word' id='word_1_128' title='bbox 1467 1479 1938 1539; x_wconf 89' lang='lat' dir='ltr'>praesupponatur,</span> <span class='ocrx_word' id='word_1_129' title='bbox 1968 1480 2018 1524; x_wconf 90' lang='lat' dir='ltr'>et</span> <span class='ocrx_word' id='word_1_130' title='bbox 2043 1480 2323 1539; x_wconf 87' lang='lat' dir='ltr'>propterea</span> <span class='ocrx_word' id='word_1_131' title='bbox 2347 1476 2516 1538; x_wconf 87' lang='lat' dir='ltr'>ipsum</span> 
     </span>
     <span class='ocr_line' id='line_1_18' title="bbox 237 1553 2518 1616; baseline 0.001 -16"><span class='ocrx_word' id='word_1_132' title='bbox 237 1554 435 1602; x_wconf 88' lang='lat' dir='ltr'>factum</span> <span class='ocrx_word' id='word_1_133' title='bbox 472 1553 804 1601; x_wconf 88' lang='lat' dir='ltr'>revelationis</span> <span class='ocrx_word' id='word_1_134' title='bbox 854 1553 1079 1615; x_wconf 90' lang='lat' dir='ltr'>homini,</span> <span class='ocrx_word' id='word_1_135' title='bbox 1134 1554 1221 1615; x_wconf 92' lang='lat' dir='ltr'>qui</span> <span class='ocrx_word' id='word_1_136' title='bbox 1268 1553 1421 1601; x_wconf 91' lang='lat' dir='ltr'>fidem</span> <span class='ocrx_word' id='word_1_137' title='bbox 1457 1553 1686 1601; x_wconf 89' lang='lat' dir='ltr'>nondum</span> <span class='ocrx_word' id='word_1_138' title='bbox 1726 1555 1978 1616; x_wconf 85' lang='lat' dir='ltr'>suscepit,</span> <span class='ocrx_word' id='word_1_139' title='bbox 2034 1554 2379 1603; x_wconf 90' lang='lat' dir='ltr'>demonstrari</span> <span class='ocrx_word' id='word_1_140' title='bbox 2413 1569 2518 1603; x_wconf 71' lang='lat' dir='ltr'>non</span> 
     </span>
     <span class='ocr_line' id='line_1_19' title="bbox 239 1631 2516 1695; baseline 0 -15"><span class='ocrx_word' id='word_1_141' title='bbox 239 1648 418 1695; x_wconf 89' lang='lat' dir='ltr'>posse,</span> <span class='ocrx_word' id='word_1_142' title='bbox 467 1647 527 1679; x_wconf 89' lang='lat' dir='ltr'>ac</span> <span class='ocrx_word' id='word_1_143' title='bbox 563 1632 780 1694; x_wconf 90' lang='lat' dir='ltr'>proinde</span> <span class='ocrx_word' id='word_1_144' title='bbox 828 1636 1022 1680; x_wconf 89' lang='lat' dir='ltr'>certam</span> <span class='ocrx_word' id='word_1_145' title='bbox 1071 1631 1466 1694; x_wconf 88' lang='lat' dir='ltr'>persuasionem</span> <span class='ocrx_word' id='word_1_146' title='bbox 1514 1632 1576 1680; x_wconf 92' lang='lat' dir='ltr'>de</span> <span class='ocrx_word' id='word_1_147' title='bbox 1614 1632 1836 1680; x_wconf 88' lang='lat' dir='ltr'>veritate</span> <span class='ocrx_word' id='word_1_148' title='bbox 1883 1632 2010 1680; x_wconf 89' lang='lat' dir='ltr'>facti</span> <span class='ocrx_word' id='word_1_149' title='bbox 2051 1633 2386 1681; x_wconf 86' lang='lat' dir='ltr'>revelationis</span> <span class='ocrx_word' id='word_1_150' title='bbox 2424 1648 2516 1681; x_wconf 68' lang='lat' dir='ltr'>seu</span> 
     </span>
     <span class='ocr_line' id='line_1_20' title="bbox 240 1700 2519 1773; baseline 0 -16"><span class='ocrx_word' id='word_1_151' title='bbox 240 1710 302 1758; x_wconf 92' lang='lat' dir='ltr'>de</span> <span class='ocrx_word' id='word_1_152' title='bbox 338 1709 671 1758; x_wconf 85' lang='lat' dir='ltr'>revelationis</span> <span class='ocrx_word' id='word_1_153' title='bbox 699 1709 1006 1758; x_wconf 88' lang='lat' dir='ltr'>exsistentia</span> <span class='ocrx_word' id='word_1_154' title='bbox 1043 1724 1146 1757; x_wconf 90' lang='lat' dir='ltr'>non</span> <span class='ocrx_word' id='word_1_155' title='bbox 1171 1725 1325 1772; x_wconf 90' lang='lat' dir='ltr'>posse</span> <span class='ocrx_word' id='word_1_156' title='bbox 1360 1700 1674 1772; x_wconf 79' lang='lat' dir='ltr'>praec&#39;edere</span> <span class='ocrx_word' id='word_1_157' title='bbox 1710 1710 1776 1757; x_wconf 88' lang='lat' dir='ltr'>ad</span> <span class='ocrx_word' id='word_1_158' title='bbox 1813 1710 2195 1773; x_wconf 90' lang='lat' dir='ltr'>susceptionem</span> <span class='ocrx_word' id='word_1_159' title='bbox 2232 1711 2351 1758; x_wconf 91' lang='lat' dir='ltr'>fidei</span> <span class='ocrx_word' id='word_1_160' title='bbox 2388 1710 2519 1758; x_wconf 66' lang='lat' dir='ltr'>chri-</span> 
     </span>
     <span class='ocr_line' id='line_1_21' title="bbox 238 1787 2518 1852; baseline 0.001 -16"><span class='ocrx_word' id='word_1_161' title='bbox 238 1789 466 1850; x_wconf 83' lang='lat' dir='ltr'>stianae3</span> <span class='ocrx_word' id='word_1_162' title='bbox 516 1787 607 1835; x_wconf 90' lang='lat' dir='ltr'>sed</span> <span class='ocrx_word' id='word_1_163' title='bbox 658 1790 856 1851; x_wconf 89' lang='lat' dir='ltr'>absque</span> <span class='ocrx_word' id='word_1_164' title='bbox 903 1788 1203 1836; x_wconf 89' lang='lat' dir='ltr'>huiusmodi</span> <span class='ocrx_word' id='word_1_165' title='bbox 1250 1788 1587 1851; x_wconf 89' lang='lat' dir='ltr'>persuasione</span> <span class='ocrx_word' id='word_1_166' title='bbox 1633 1804 1725 1850; x_wconf 89' lang='lat' dir='ltr'>per</span> <span class='ocrx_word' id='word_1_167' title='bbox 1770 1788 1995 1836; x_wconf 88' lang='lat' dir='ltr'>divinam</span> <span class='ocrx_word' id='word_1_168' title='bbox 2039 1789 2265 1850; x_wconf 79' lang='lat' dir='ltr'>gratiam</span> <span class='ocrx_word' id='word_1_169' title='bbox 2301 1788 2518 1852; x_wconf 86' lang='lat' dir='ltr'>produci</span> 
     </span>
     <span class='ocr_line' id='line_1_22' title="bbox 236 1866 2146 1929; baseline 0.001 -15"><span class='ocrx_word' id='word_1_170' title='bbox 236 1867 387 1915; x_wconf 89' lang='lat' dir='ltr'>fidem</span> <span class='ocrx_word' id='word_1_171' title='bbox 425 1867 513 1927; x_wconf 91' lang='lat' dir='ltr'>ita,</span> <span class='ocrx_word' id='word_1_172' title='bbox 552 1870 611 1915; x_wconf 92' lang='lat' dir='ltr'>ut</span> <span class='ocrx_word' id='word_1_173' title='bbox 647 1867 774 1914; x_wconf 91' lang='lat' dir='ltr'>haec</span> <span class='ocrx_word' id='word_1_174' title='bbox 811 1866 878 1914; x_wconf 92' lang='lat' dir='ltr'>sit</span> <span class='ocrx_word' id='word_1_175' title='bbox 915 1870 1233 1929; x_wconf 89' lang='lat' dir='ltr'>spontaneus</span> <span class='ocrx_word' id='word_1_176' title='bbox 1272 1870 1323 1915; x_wconf 88' lang='lat' dir='ltr'>et</span> <span class='ocrx_word' id='word_1_177' title='bbox 1358 1866 1690 1914; x_wconf 89' lang='lat' dir='ltr'>immediatus</span> <span class='ocrx_word' id='word_1_178' title='bbox 1728 1869 1877 1914; x_wconf 89' lang='lat' dir='ltr'>actus</span> <span class='ocrx_word' id='word_1_179' title='bbox 1913 1867 2146 1915; x_wconf 70' lang='lat' dir='ltr'>rationis</span> 
     </span>
    </p>

    <p class='ocr_par' dir='ltr' id='par_1_9' title="bbox 236 1944 2548 3184">
     <span class='ocr_line' id='line_1_23' title="bbox 389 1944 2521 2009; baseline 0.001 -17"><span class='ocrx_word' id='word_1_180' title='bbox 389 1944 666 2006; x_wconf 79' lang='lat' dir='ltr'>„Ceterum</span> <span class='ocrx_word' id='word_1_181' title='bbox 705 1945 754 1992; x_wconf 80' lang='lat' dir='ltr'>S.</span> <span class='ocrx_word' id='word_1_182' title='bbox 782 1944 940 1993; x_wconf 84' lang='lat' dir='ltr'>Sedes</span> <span class='ocrx_word' id='word_1_183' title='bbox 976 1945 1078 1992; x_wconf 91' lang='lat' dir='ltr'>iam</span> <span class='ocrx_word' id='word_1_184' title='bbox 1118 1945 1323 2007; x_wconf 88' lang='lat' dir='ltr'>saepius</span> <span class='ocrx_word' id='word_1_185' title='bbox 1360 1960 1572 1993; x_wconf 89' lang='lat' dir='ltr'>necesse</span> <span class='ocrx_word' id='word_1_186' title='bbox 1609 1945 1793 1994; x_wconf 90' lang='lat' dir='ltr'>habuit</span> <span class='ocrx_word' id='word_1_187' title='bbox 1829 1945 2127 1993; x_wconf 90' lang='lat' dir='ltr'>huiusmodi</span> <span class='ocrx_word' id='word_1_188' title='bbox 2165 1960 2369 1994; x_wconf 89' lang='lat' dir='ltr'>errores</span> <span class='ocrx_word' id='word_1_189' title='bbox 2405 1960 2521 2009; x_wconf 89' lang='lat' dir='ltr'>pro-</span> 
     </span>
     <span class='ocr_line' id='line_1_24' title="bbox 239 2020 2518 2088; baseline 0.001 -17"><span class='ocrx_word' id='word_1_190' title='bbox 239 2023 483 2073; x_wconf 86' lang='lat' dir='ltr'>scribere.</span> <span class='ocrx_word' id='word_1_191' title='bbox 564 2023 645 2071; x_wconf 90' lang='lat' dir='ltr'>Ab</span> <span class='ocrx_word' id='word_1_192' title='bbox 700 2023 1006 2071; x_wconf 88' lang='lat' dir='ltr'>Innocentio</span> <span class='ocrx_word' id='word_1_193' title='bbox 1059 2023 1153 2071; x_wconf 82' lang='lat' dir='ltr'>XI.</span> <span class='ocrx_word' id='word_1_194' title='bbox 1207 2025 1253 2072; x_wconf 83' lang='lat'>2.</span> <span class='ocrx_word' id='word_1_195' title='bbox 1305 2023 1479 2071; x_wconf 86' lang='lat' dir='ltr'>Martii</span> <span class='ocrx_word' id='word_1_196' title='bbox 1537 2024 1662 2071; x_wconf 77' lang='lat'>1679</span> <span class='ocrx_word' id='word_1_197' title='bbox 1724 2023 1969 2072; x_wconf 87' lang='lat' dir='ltr'>damnata</span> <span class='ocrx_word' id='word_1_198' title='bbox 2023 2027 2101 2073; x_wconf 89' lang='lat' dir='ltr'>est</span> <span class='ocrx_word' id='word_1_199' title='bbox 2151 2024 2282 2073; x_wconf 87' lang='lat' dir='ltr'>haec</span> <span class='ocrx_word' id='word_1_200' title='bbox 2334 2020 2518 2088; x_wconf 57' lang='lat' dir='ltr'>proposs</span> 
     </span>
     <span class='ocr_line' id='line_1_25' title="bbox 238 2100 2548 2165; baseline 0.001 -16"><span class='ocrx_word' id='word_1_201' title='bbox 238 2102 355 2149; x_wconf 92' lang='lat' dir='ltr'>sitio</span> <span class='ocrx_word' id='word_1_202' title='bbox 394 2100 614 2162; x_wconf 87' lang='lat' dir='ltr'>(XXI.):</span> <span class='ocrx_word' id='word_1_203' title='bbox 673 2101 950 2160; x_wconf 83' lang='lat' dir='ltr'>,Assensus</span> <span class='ocrx_word' id='word_1_204' title='bbox 997 2101 1117 2150; x_wconf 92' lang='lat' dir='ltr'>fidei</span> <span class='ocrx_word' id='word_1_205' title='bbox 1169 2101 1584 2165; x_wconf 86' lang='lat' dir='ltr'>supernaturalis</span> <span class='ocrx_word' id='word_1_206' title='bbox 1623 2105 1674 2150; x_wconf 92' lang='lat' dir='ltr'>et</span> <span class='ocrx_word' id='word_1_207' title='bbox 1721 2102 1865 2150; x_wconf 90' lang='lat' dir='ltr'>utilis</span> <span class='ocrx_word' id='word_1_208' title='bbox 1902 2103 1967 2150; x_wconf 86' lang='lat' dir='ltr'>ad</span> <span class='ocrx_word' id='word_1_209' title='bbox 2005 2103 2225 2151; x_wconf 90' lang='lat' dir='ltr'>salutem</span> <span class='ocrx_word' id='word_1_210' title='bbox 2264 2106 2368 2152; x_wconf 89' lang='lat' dir='ltr'>stat</span> <span class='ocrx_word' id='word_1_211' title='bbox 2405 2119 2548 2162; x_wconf 72' lang='lat' dir='ltr'>cum⁴</span> 
     </span>
     <span class='ocr_line' id='line_1_26' title="bbox 236 2179 2520 2244; baseline 0.001 -17"><span class='ocrx_word' id='word_1_212' title='bbox 236 2180 422 2229; x_wconf 89' lang='lat' dir='ltr'>notitia</span> <span class='ocrx_word' id='word_1_213' title='bbox 460 2181 626 2228; x_wconf 91' lang='lat' dir='ltr'>solum</span> <span class='ocrx_word' id='word_1_214' title='bbox 663 2180 921 2243; x_wconf 90' lang='lat' dir='ltr'>probabili</span> <span class='ocrx_word' id='word_1_215' title='bbox 957 2179 1306 2242; x_wconf 86' lang='lat' dir='ltr'>revelationis,</span> <span class='ocrx_word' id='word_1_216' title='bbox 1343 2181 1445 2228; x_wconf 90' lang='lat' dir='ltr'>imo</span> <span class='ocrx_word' id='word_1_217' title='bbox 1484 2196 1598 2228; x_wconf 90' lang='lat' dir='ltr'>cum</span> <span class='ocrx_word' id='word_1_218' title='bbox 1636 2180 1930 2241; x_wconf 88' lang='lat' dir='ltr'>formidine,</span> <span class='ocrx_word' id='word_1_219' title='bbox 1969 2197 2072 2243; x_wconf 90' lang='lat' dir='ltr'>qua</span> <span class='ocrx_word' id='word_1_220' title='bbox 2109 2181 2223 2244; x_wconf 90' lang='lat' dir='ltr'>quis</span> <span class='ocrx_word' id='word_1_221' title='bbox 2259 2181 2520 2244; x_wconf 66' lang='lat' dir='ltr'>formidet,</span> 
     </span>
     <span class='ocr_line' id='line_1_27' title="bbox 236 2257 2527 2324; baseline -0 -17"><span class='ocrx_word' id='word_1_222' title='bbox 236 2275 301 2307; x_wconf 93' lang='lat' dir='ltr'>ne</span> <span class='ocrx_word' id='word_1_223' title='bbox 339 2273 443 2306; x_wconf 88' lang='lat' dir='ltr'>non</span> <span class='ocrx_word' id='word_1_224' title='bbox 481 2259 545 2306; x_wconf 90' lang='lat' dir='ltr'>sit</span> <span class='ocrx_word' id='word_1_225' title='bbox 592 2259 799 2307; x_wconf 90' lang='lat' dir='ltr'>locutus</span> <span class='ocrx_word' id='word_1_226' title='bbox 836 2257 1013 2307; x_wconf 90' lang='lat' dir='ltr'>Deus.‘</span> <span class='ocrx_word' id='word_1_227' title='bbox 1083 2258 1423 2321; x_wconf 85' lang='lat' dir='ltr'>Approbante</span> <span class='ocrx_word' id='word_1_228' title='bbox 1461 2258 1508 2307; x_wconf 81' lang='lat' dir='ltr'>S.</span> <span class='ocrx_word' id='word_1_229' title='bbox 1548 2258 1679 2307; x_wconf 80' lang='lat' dir='ltr'>Sede</span> <span class='ocrx_word' id='word_1_230' title='bbox 1732 2259 2136 2308; x_wconf 87' lang='lat' dir='ltr'>subscribendae</span> <span class='ocrx_word' id='word_1_231' title='bbox 2184 2259 2358 2308; x_wconf 91' lang='lat' dir='ltr'>theses</span> <span class='ocrx_word' id='word_1_232' title='bbox 2408 2276 2527 2324; x_wconf 50' lang='grc' dir='ltr'>[πω</span> 
     </span>
     <span class='ocr_line' id='line_1_28' title="bbox 237 2336 2519 2400; baseline 0 -16"><span class='ocrx_word' id='word_1_233' title='bbox 237 2337 439 2399; x_wconf 89' lang='lat' dir='ltr'>positae</span> <span class='ocrx_word' id='word_1_234' title='bbox 476 2340 597 2385; x_wconf 90' lang='lat' dir='ltr'>sunt</span> <span class='ocrx_word' id='word_1_235' title='bbox 636 2339 680 2384; x_wconf 81' lang='lat'>8.</span> <span class='ocrx_word' id='word_1_236' title='bbox 720 2337 859 2398; x_wconf 82' lang='lat' dir='ltr'>Sept.</span> <span class='ocrx_word' id='word_1_237' title='bbox 903 2338 1054 2385; x_wconf 75' lang='lat'>1840:</span> <span class='ocrx_word' id='word_1_238' title='bbox 1105 2336 1475 2397; x_wconf 86' lang='lat' dir='ltr'>,Revelationis</span> <span class='ocrx_word' id='word_1_239' title='bbox 1514 2337 1829 2385; x_wconf 87' lang='lat' dir='ltr'>christianae</span> <span class='ocrx_word' id='word_1_240' title='bbox 1866 2337 2105 2400; x_wconf 89' lang='lat' dir='ltr'>probatio</span> <span class='ocrx_word' id='word_1_241' title='bbox 2155 2353 2221 2386; x_wconf 90' lang='lat' dir='ltr'>ex</span> <span class='ocrx_word' id='word_1_242' title='bbox 2256 2338 2519 2386; x_wconf 85' lang='lat' dir='ltr'>miraculis</span> 
     </span>
     <span class='ocr_line' id='line_1_29' title="bbox 239 2413 2520 2479; baseline 0.001 -17"><span class='ocrx_word' id='word_1_243' title='bbox 239 2413 434 2463; x_wconf 81' lang='lat' dir='ltr'>Christi</span> <span class='ocrx_word' id='word_1_244' title='bbox 472 2414 772 2478; x_wconf 88' lang='lat' dir='ltr'>desumpta,</span> <span class='ocrx_word' id='word_1_245' title='bbox 827 2431 959 2478; x_wconf 90' lang='lat' dir='ltr'>quae</span> <span class='ocrx_word' id='word_1_246' title='bbox 996 2415 1206 2463; x_wconf 89' lang='lat' dir='ltr'>testium</span> <span class='ocrx_word' id='word_1_247' title='bbox 1248 2416 1535 2463; x_wconf 89' lang='lat' dir='ltr'>ocularium</span> <span class='ocrx_word' id='word_1_248' title='bbox 1575 2430 1756 2463; x_wconf 90' lang='lat' dir='ltr'>sensus</span> <span class='ocrx_word' id='word_1_249' title='bbox 1803 2418 2110 2478; x_wconf 89' lang='lat' dir='ltr'>mentesque</span> <span class='ocrx_word' id='word_1_250' title='bbox 2146 2416 2520 2479; x_wconf 78' lang='lat' dir='ltr'>percellebart,</span> 
     </span>
     <span class='ocr_line' id='line_1_30' title="bbox 237 2493 2537 2556; baseline 0.001 -16"><span class='ocrx_word' id='word_1_251' title='bbox 237 2493 340 2541; x_wconf 87' lang='lat' dir='ltr'>vim</span> <span class='ocrx_word' id='word_1_252' title='bbox 392 2509 536 2541; x_wconf 90' lang='lat' dir='ltr'>suam</span> <span class='ocrx_word' id='word_1_253' title='bbox 585 2497 743 2556; x_wconf 90' lang='lat' dir='ltr'>atque</span> <span class='ocrx_word' id='word_1_254' title='bbox 795 2493 1052 2556; x_wconf 86' lang='lat' dir='ltr'>fulgorem</span> <span class='ocrx_word' id='word_1_255' title='bbox 1105 2494 1277 2556; x_wconf 90' lang='lat' dir='ltr'>quoad</span> <span class='ocrx_word' id='word_1_256' title='bbox 1326 2495 1706 2556; x_wconf 89' lang='lat' dir='ltr'>subsequentes</span> <span class='ocrx_word' id='word_1_257' title='bbox 1758 2494 2122 2556; x_wconf 79' lang='lat' dir='ltr'>generationes</span> <span class='ocrx_word' id='word_1_258' title='bbox 2174 2510 2278 2542; x_wconf 93' lang='lat' dir='ltr'>non</span> <span class='ocrx_word' id='word_1_259' title='bbox 2330 2494 2537 2543; x_wconf 63' lang='lat' dir='ltr'>amisit·</span> 
     </span>
     <span class='ocr_line' id='line_1_31' title="bbox 236 2567 2543 2634; baseline 0.001 -15"><span class='ocrx_word' id='word_1_260' title='bbox 236 2571 385 2619; x_wconf 90' lang='lat' dir='ltr'>Hanc</span> <span class='ocrx_word' id='word_1_261' title='bbox 435 2571 650 2619; x_wconf 91' lang='lat' dir='ltr'>eandem</span> <span class='ocrx_word' id='word_1_262' title='bbox 700 2572 1062 2634; x_wconf 89' lang='lat' dir='ltr'>probationem</span> <span class='ocrx_word' id='word_1_263' title='bbox 1109 2572 1162 2620; x_wconf 94' lang='lat' dir='ltr'>in</span> <span class='ocrx_word' id='word_1_264' title='bbox 1215 2572 1495 2620; x_wconf 87' lang='lat' dir='ltr'>traditione</span> <span class='ocrx_word' id='word_1_265' title='bbox 1547 2573 1774 2621; x_wconf 90' lang='lat' dir='ltr'>omnium</span> <span class='ocrx_word' id='word_1_266' title='bbox 1824 2571 2238 2620; x_wconf 80' lang='lat' dir='ltr'>Christianorum</span> <span class='ocrx_word' id='word_1_267' title='bbox 2288 2572 2417 2620; x_wconf 90' lang='lat' dir='ltr'>orali</span> <span class='ocrx_word' id='word_1_268' title='bbox 2480 2567 2543 2631; x_wconf 60' lang='lat' dir='ltr'>at}</span> 
     </span>
     <span class='ocr_line' id='line_1_32' title="bbox 238 2649 2545 2718; baseline 0 -21"><span class='ocrx_word' id='word_1_269' title='bbox 238 2650 431 2711; x_wconf 90' lang='lat' dir='ltr'>scripta</span> <span class='ocrx_word' id='word_1_270' title='bbox 466 2649 694 2712; x_wconf 89' lang='lat' dir='ltr'>reperire</span> <span class='ocrx_word' id='word_1_271' title='bbox 731 2653 841 2711; x_wconf 85' lang='lat' dir='ltr'>est3</span> <span class='ocrx_word' id='word_1_272' title='bbox 896 2665 999 2711; x_wconf 91' lang='lat' dir='ltr'>qua</span> <span class='ocrx_word' id='word_1_273' title='bbox 1047 2649 1240 2713; x_wconf 90' lang='lat' dir='ltr'>duplici</span> <span class='ocrx_word' id='word_1_274' title='bbox 1277 2650 1558 2698; x_wconf 88' lang='lat' dir='ltr'>traditione</span> <span class='ocrx_word' id='word_1_275' title='bbox 1594 2650 1696 2698; x_wconf 89' lang='lat' dir='ltr'>illis</span> <span class='ocrx_word' id='word_1_276' title='bbox 1735 2650 2142 2698; x_wconf 87' lang='lat' dir='ltr'>demonstranda</span> <span class='ocrx_word' id='word_1_277' title='bbox 2179 2654 2272 2712; x_wconf 90' lang='lat' dir='ltr'>est,</span> <span class='ocrx_word' id='word_1_278' title='bbox 2312 2651 2399 2713; x_wconf 91' lang='lat' dir='ltr'>qui</span> <span class='ocrx_word' id='word_1_279' title='bbox 2434 2649 2545 2718; x_wconf 56' lang='lat' dir='ltr'>val-&#39;3</span> 
     </span>
     <span class='ocr_line' id='line_1_33' title="bbox 239 2723 2548 2791; baseline 0 -15"><span class='ocrx_word' id='word_1_280' title='bbox 239 2743 350 2776; x_wconf 91' lang='lat' dir='ltr'>eam</span> <span class='ocrx_word' id='word_1_281' title='bbox 389 2728 630 2776; x_wconf 88' lang='lat' dir='ltr'>reiiciunt</span> <span class='ocrx_word' id='word_1_282' title='bbox 665 2728 776 2790; x_wconf 85' lang='lat' dir='ltr'>vel,</span> <span class='ocrx_word' id='word_1_283' title='bbox 830 2729 953 2791; x_wconf 91' lang='lat' dir='ltr'>quin</span> <span class='ocrx_word' id='word_1_284' title='bbox 992 2728 1297 2790; x_wconf 87' lang='lat' dir='ltr'>admittant,</span> <span class='ocrx_word' id='word_1_285' title='bbox 1337 2725 1644 2791; x_wconf 87' lang='lat' dir='ltr'>requirunt.‘</span> <span class='ocrx_word' id='word_1_286' title='bbox 1714 2728 1886 2789; x_wconf 88' lang='lat' dir='ltr'>,Ratio</span> <span class='ocrx_word' id='word_1_287' title='bbox 1925 2744 2040 2775; x_wconf 92' lang='lat' dir='ltr'>cum</span> <span class='ocrx_word' id='word_1_288' title='bbox 2080 2728 2394 2777; x_wconf 89' lang='lat' dir='ltr'>certitudine</span> <span class='ocrx_word' id='word_1_289' title='bbox 2429 2723 2548 2781; x_wconf 66' lang='lat' dir='ltr'>aii-2³³³</span> 
     </span>
     <span class='ocr_line' id='line_1_34' title="bbox 236 2805 2548 2869; baseline 0 -16"><span class='ocrx_word' id='word_1_290' title='bbox 236 2805 622 2854; x_wconf 87' lang='lat' dir='ltr'>thenticitatem</span> <span class='ocrx_word' id='word_1_291' title='bbox 675 2806 1009 2854; x_wconf 85' lang='lat' dir='ltr'>revelationis</span> <span class='ocrx_word' id='word_1_292' title='bbox 1061 2806 1270 2854; x_wconf 89' lang='lat' dir='ltr'>Iudaeis</span> <span class='ocrx_word' id='word_1_293' title='bbox 1321 2822 1424 2869; x_wconf 90' lang='lat' dir='ltr'>per·</span> <span class='ocrx_word' id='word_1_294' title='bbox 1465 2807 1696 2869; x_wconf 81' lang='lat' dir='ltr'>Moysem</span> <span class='ocrx_word' id='word_1_295' title='bbox 1750 2810 1801 2855; x_wconf 89' lang='lat' dir='ltr'>et</span> <span class='ocrx_word' id='word_1_296' title='bbox 1842 2805 2151 2854; x_wconf 81' lang='lat' dir='ltr'>Christianis</span> <span class='ocrx_word' id='word_1_297' title='bbox 2202 2822 2295 2869; x_wconf 87' lang='lat' dir='ltr'>per</span> <span class='ocrx_word' id='word_1_298' title='bbox 2341 2806 2548 2854; x_wconf 68' lang='lat' dir='ltr'>Iesu3n‘</span> 
     </span>
     <span class='ocr_line' id='line_1_35' title="bbox 239 2882 2548 2946; baseline 0 -14"><span class='ocrx_word' id='word_1_299' title='bbox 239 2882 501 2932; x_wconf 81' lang='lat' dir='ltr'>Christum</span> <span class='ocrx_word' id='word_1_300' title='bbox 540 2883 710 2931; x_wconf 82' lang='lat' dir='ltr'>factae</span> <span class='ocrx_word' id='word_1_301' title='bbox 760 2885 982 2946; x_wconf 87' lang='lat' dir='ltr'>probare</span> <span class='ocrx_word' id='word_1_302' title='bbox 1033 2882 1208 2932; x_wconf 90' lang='lat' dir='ltr'>valet.‘</span> <span class='ocrx_word' id='word_1_303' title='bbox 1278 2884 1341 2931; x_wconf 93' lang='lat' dir='ltr'>In</span> <span class='ocrx_word' id='word_1_304' title='bbox 1378 2884 1567 2932; x_wconf 88' lang='lat' dir='ltr'>Literis</span> <span class='ocrx_word' id='word_1_305' title='bbox 1606 2883 1922 2945; x_wconf 89' lang='lat' dir='ltr'>Apostolicis</span> <span class='ocrx_word' id='word_1_306' title='bbox 1960 2883 2065 2931; x_wconf 75' lang='lat' dir='ltr'>Sffii</span> <span class='ocrx_word' id='word_1_307' title='bbox 2101 2884 2163 2932; x_wconf 88' lang='lat' dir='ltr'>D.</span> <span class='ocrx_word' id='word_1_308' title='bbox 2200 2883 2263 2932; x_wconf 88' lang='lat' dir='ltr'>N.</span> <span class='ocrx_word' id='word_1_309' title='bbox 2302 2885 2347 2932; x_wconf 87' lang='lat'>9.</span> <span class='ocrx_word' id='word_1_310' title='bbox 2385 2883 2548 2932; x_wconf 62' lang='lat' dir='ltr'>Nor.)</span> 
     </span>
     <span class='ocr_line' id='line_1_36' title="bbox 243 2961 2548 3028; baseline 0 -19"><span class='ocrx_word' id='word_1_311' title='bbox 243 2963 369 3009; x_wconf 77' lang='lat'>1846</span> <span class='ocrx_word' id='word_1_312' title='bbox 406 2963 542 3009; x_wconf 88' lang='lat' dir='ltr'>inter</span> <span class='ocrx_word' id='word_1_313' title='bbox 578 2961 680 3009; x_wconf 88' lang='lat' dir='ltr'>alia</span> <span class='ocrx_word' id='word_1_314' title='bbox 717 2962 961 3010; x_wconf 87' lang='lat' dir='ltr'>docetur:</span> <span class='ocrx_word' id='word_1_315' title='bbox 1013 2962 1273 3023; x_wconf 88' lang='lat' dir='ltr'>,Humana</span> <span class='ocrx_word' id='word_1_316' title='bbox 1309 2963 1444 3010; x_wconf 89' lang='lat' dir='ltr'>ratio</span> <span class='ocrx_word' id='word_1_317' title='bbox 1481 2979 1546 3011; x_wconf 91' lang='lat' dir='ltr'>ne</span> <span class='ocrx_word' id='word_1_318' title='bbox 1583 2963 1635 3010; x_wconf 91' lang='lat' dir='ltr'>in</span> <span class='ocrx_word' id='word_1_319' title='bbox 1673 2963 1806 3010; x_wconf 90' lang='lat' dir='ltr'>tanti</span> <span class='ocrx_word' id='word_1_320' title='bbox 1852 2962 2101 3009; x_wconf 89' lang='lat' dir='ltr'>momenti</span> <span class='ocrx_word' id='word_1_321' title='bbox 2135 2962 2347 3025; x_wconf 82' lang='lat' dir='ltr'>negotio</span> <span class='ocrx_word' id='word_1_322' title='bbox 2386 2961 2548 3028; x_wconf 58' lang='lat' dir='ltr'>deci-*J</span> 
     </span>
     <span class='ocr_line' id='line_1_37' title="bbox 237 3028 2535 3104; baseline 0 -17"><span class='ocrx_word' id='word_1_323' title='bbox 237 3040 411 3102; x_wconf 87' lang='lat' dir='ltr'>piatur</span> <span class='ocrx_word' id='word_1_324' title='bbox 450 3043 499 3087; x_wconf 78' lang='lat' dir='ltr'>et</span> <span class='ocrx_word' id='word_1_325' title='bbox 537 3044 700 3100; x_wconf 88' lang='lat' dir='ltr'>erret,</span> <span class='ocrx_word' id='word_1_326' title='bbox 752 3028 955 3088; x_wconf 52' lang='lat' dir='ltr'>dirinae</span> <span class='ocrx_word' id='word_1_327' title='bbox 990 3041 1324 3089; x_wconf 87' lang='lat' dir='ltr'>revelationis</span> <span class='ocrx_word' id='word_1_328' title='bbox 1362 3041 1560 3089; x_wconf 89' lang='lat' dir='ltr'>factum</span> <span class='ocrx_word' id='word_1_329' title='bbox 1598 3041 1875 3103; x_wconf 87' lang='lat' dir='ltr'>diligenter</span> <span class='ocrx_word' id='word_1_330' title='bbox 1909 3040 2140 3104; x_wconf 91' lang='lat' dir='ltr'>inquirat</span> <span class='ocrx_word' id='word_1_331' title='bbox 2177 3043 2412 3102; x_wconf 91' lang='lat' dir='ltr'>oportet,</span> <span class='ocrx_word' id='word_1_332' title='bbox 2459 3042 2535 3097; x_wconf 52' lang='grc' dir='ltr'>ιώ,</span> 
     </span>
     <span class='ocr_line' id='line_1_38' title="bbox 240 3117 1477 3181; baseline 0.001 -17"><span class='ocrx_word' id='word_1_333' title='bbox 240 3120 383 3165; x_wconf 86' lang='lat' dir='ltr'>certo</span> <span class='ocrx_word' id='word_1_334' title='bbox 422 3117 518 3165; x_wconf 88' lang='lat' dir='ltr'>sibi</span> <span class='ocrx_word' id='word_1_335' title='bbox 555 3121 773 3179; x_wconf 90' lang='lat' dir='ltr'>constet,</span> <span class='ocrx_word' id='word_1_336' title='bbox 812 3118 978 3166; x_wconf 91' lang='lat' dir='ltr'>Deum</span> <span class='ocrx_word' id='word_1_337' title='bbox 1017 3134 1129 3166; x_wconf 90' lang='lat' dir='ltr'>esse</span> <span class='ocrx_word' id='word_1_338' title='bbox 1167 3117 1477 3181; x_wconf 91' lang='lat' dir='ltr'>loquutum.‘</span> 
     </span>
    </p>

    <p class='ocr_par' dir='ltr' id='par_1_10' title="bbox 239 3191 2548 4035">
     <span class='ocr_line' id='line_1_39' title="bbox 393 3191 2548 3262; baseline 0 -20"><span class='ocrx_word' id='word_1_339' title='bbox 393 3195 665 3256; x_wconf 76' lang='lat' dir='ltr'>„Errorem</span> <span class='ocrx_word' id='word_1_340' title='bbox 701 3211 825 3244; x_wconf 86' lang='lat' dir='ltr'>vero</span> <span class='ocrx_word' id='word_1_341' title='bbox 850 3196 1035 3259; x_wconf 90' lang='lat' dir='ltr'>ipsum,</span> <span class='ocrx_word' id='word_1_342' title='bbox 1075 3200 1257 3245; x_wconf 88' lang='lat' dir='ltr'>contra</span> <span class='ocrx_word' id='word_1_343' title='bbox 1293 3213 1446 3259; x_wconf 91' lang='lat' dir='ltr'>quem</span> <span class='ocrx_word' id='word_1_344' title='bbox 1482 3197 1565 3245; x_wconf 92' lang='lat' dir='ltr'>hic</span> <span class='ocrx_word' id='word_1_345' title='bbox 1603 3197 1854 3245; x_wconf 90' lang='lat' dir='ltr'>articulus</span> <span class='ocrx_word' id='word_1_346' title='bbox 1891 3197 1943 3244; x_wconf 92' lang='lat' dir='ltr'>in</span> <span class='ocrx_word' id='word_1_347' title='bbox 1982 3197 2244 3245; x_wconf 91' lang='lat' dir='ltr'>schemate</span> <span class='ocrx_word' id='word_1_348' title='bbox 2280 3191 2548 3262; x_wconf 56' lang='lat' dir='ltr'>proponi-ff</span> 
     </span>
     <span class='ocr_line' id='line_1_40' title="bbox 240 3272 2548 3336; baseline 0.001 -16"><span class='ocrx_word' id='word_1_349' title='bbox 240 3276 341 3334; x_wconf 92' lang='lat' dir='ltr'>tur,</span> <span class='ocrx_word' id='word_1_350' title='bbox 383 3272 623 3335; x_wconf 88' lang='lat' dir='ltr'>periculis</span> <span class='ocrx_word' id='word_1_351' title='bbox 660 3273 869 3335; x_wconf 90' lang='lat' dir='ltr'>plenum</span> <span class='ocrx_word' id='word_1_352' title='bbox 910 3290 1038 3335; x_wconf 90' lang='lat' dir='ltr'>esse,</span> <span class='ocrx_word' id='word_1_353' title='bbox 1075 3291 1168 3336; x_wconf 83' lang='lat' dir='ltr'>per</span> <span class='ocrx_word' id='word_1_354' title='bbox 1207 3291 1261 3323; x_wconf 91' lang='lat' dir='ltr'>se</span> <span class='ocrx_word' id='word_1_355' title='bbox 1297 3275 1630 3323; x_wconf 87' lang='lat' dir='ltr'>manifestum</span> <span class='ocrx_word' id='word_1_356' title='bbox 1669 3279 1761 3324; x_wconf 90' lang='lat' dir='ltr'>est.</span> <span class='ocrx_word' id='word_1_357' title='bbox 1816 3274 1868 3322; x_wconf 83' lang='lat' dir='ltr'>Si</span> <span class='ocrx_word' id='word_1_358' title='bbox 1894 3274 2027 3322; x_wconf 91' lang='lat' dir='ltr'>enim</span> <span class='ocrx_word' id='word_1_359' title='bbox 2064 3275 2271 3323; x_wconf 91' lang='lat' dir='ltr'>reiectis</span> <span class='ocrx_word' id='word_1_360' title='bbox 2306 3274 2388 3322; x_wconf 85' lang='lat' dir='ltr'>vel</span> <span class='ocrx_word' id='word_1_361' title='bbox 2425 3273 2548 3329; x_wconf 39' lang='lat' dir='ltr'>suo-Lv</span> 
     </span>
     <span class='ocr_line' id='line_1_41' title="bbox 239 3340 2548 3415; baseline 0 -17"><span class='ocrx_word' id='word_1_362' title='bbox 239 3350 416 3398; x_wconf 87' lang='lat' dir='ltr'>valore</span> <span class='ocrx_word' id='word_1_363' title='bbox 466 3350 638 3398; x_wconf 86' lang='lat' dir='ltr'>exutis</span> <span class='ocrx_word' id='word_1_364' title='bbox 685 3351 905 3399; x_wconf 87' lang='lat' dir='ltr'>criteriis</span> <span class='ocrx_word' id='word_1_365' title='bbox 957 3352 1295 3413; x_wconf 85' lang='lat' dir='ltr'>extrinsecis,</span> <span class='ocrx_word' id='word_1_366' title='bbox 1352 3353 1538 3415; x_wconf 90' lang='lat' dir='ltr'>quibus</span> <span class='ocrx_word' id='word_1_367' title='bbox 1575 3353 1718 3401; x_wconf 89' lang='lat' dir='ltr'>Deus</span> <span class='ocrx_word' id='word_1_368' title='bbox 1767 3367 1913 3400; x_wconf 90' lang='lat' dir='ltr'>suam</span> <span class='ocrx_word' id='word_1_369' title='bbox 1959 3352 2329 3400; x_wconf 86' lang='lat' dir='ltr'>revelationem</span> <span class='ocrx_word' id='word_1_370' title='bbox 2376 3340 2548 3414; x_wconf 51' lang='lat' dir='ltr'>veltt-sf</span> 
     </span>
     <span class='ocr_line' id='line_1_42' title="bbox 241 3426 2548 3492; baseline 0 -16"><span class='ocrx_word' id='word_1_371' title='bbox 241 3428 422 3490; x_wconf 84' lang='lat' dir='ltr'>sigillis</span> <span class='ocrx_word' id='word_1_372' title='bbox 471 3428 655 3476; x_wconf 83' lang='lat' dir='ltr'>divinis</span> <span class='ocrx_word' id='word_1_373' title='bbox 694 3429 1094 3490; x_wconf 85' lang='lat' dir='ltr'>cognoscibilem</span> <span class='ocrx_word' id='word_1_374' title='bbox 1146 3431 1399 3492; x_wconf 88' lang='lat' dir='ltr'>reddidit,</span> <span class='ocrx_word' id='word_1_375' title='bbox 1453 3434 1622 3479; x_wconf 89' lang='lat' dir='ltr'>totum</span> <span class='ocrx_word' id='word_1_376' title='bbox 1668 3434 1946 3478; x_wconf 85' lang='lat' dir='ltr'>revocatur</span> <span class='ocrx_word' id='word_1_377' title='bbox 1993 3430 2057 3478; x_wconf 90' lang='lat' dir='ltr'>ad</span> <span class='ocrx_word' id='word_1_378' title='bbox 2111 3431 2385 3491; x_wconf 90' lang='lat' dir='ltr'>,internam</span> <span class='ocrx_word' id='word_1_379' title='bbox 2433 3426 2548 3477; x_wconf 57' lang='lat' dir='ltr'>eit-3³</span> 
     </span>
     <span class='ocr_line' id='line_1_43' title="bbox 239 3498 2548 3570; baseline 0.002 -17"><span class='ocrx_word' id='word_1_380' title='bbox 239 3503 564 3568; x_wconf 83' lang='lat' dir='ltr'>perientiam‘</span> <span class='ocrx_word' id='word_1_381' title='bbox 603 3509 654 3554; x_wconf 93' lang='lat' dir='ltr'>et</span> <span class='ocrx_word' id='word_1_382' title='bbox 690 3507 757 3554; x_wconf 91' lang='lat' dir='ltr'>ad</span> <span class='ocrx_word' id='word_1_383' title='bbox 787 3522 1012 3567; x_wconf 88' lang='lat' dir='ltr'>,sensum</span> <span class='ocrx_word' id='word_1_384' title='bbox 1051 3507 1348 3570; x_wconf 89' lang='lat' dir='ltr'>internum‘,</span> <span class='ocrx_word' id='word_1_385' title='bbox 1385 3509 1560 3557; x_wconf 90' lang='lat' dir='ltr'>nullus</span> <span class='ocrx_word' id='word_1_386' title='bbox 1598 3509 1818 3569; x_wconf 89' lang='lat' dir='ltr'>amplius</span> <span class='ocrx_word' id='word_1_387' title='bbox 1855 3511 2092 3556; x_wconf 89' lang='lat' dir='ltr'>remanet</span> <span class='ocrx_word' id='word_1_388' title='bbox 2124 3508 2307 3556; x_wconf 91' lang='lat' dir='ltr'>modus</span> <span class='ocrx_word' id='word_1_389' title='bbox 2346 3510 2516 3555; x_wconf 81' lang='lat' dir='ltr'>certus</span> <span class='ocrx_word' id='word_1_390' title='bbox 2543 3498 2548 3557; x_wconf 71' lang='grc' dir='ltr'>ἒ</span> 
     </span>
     <span class='ocr_line' id='line_1_44' title="bbox 243 3582 2548 3647; baseline 0.002 -17"><span class='ocrx_word' id='word_1_391' title='bbox 243 3582 570 3631; x_wconf 86' lang='lat' dir='ltr'>discernendi</span> <span class='ocrx_word' id='word_1_392' title='bbox 606 3584 976 3631; x_wconf 86' lang='lat' dir='ltr'>revelationem</span> <span class='ocrx_word' id='word_1_393' title='bbox 1013 3601 1189 3632; x_wconf 87' lang='lat' dir='ltr'>veram</span> <span class='ocrx_word' id='word_1_394' title='bbox 1229 3602 1258 3633; x_wconf 88' lang='lat' dir='ltr'>a</span> <span class='ocrx_word' id='word_1_395' title='bbox 1292 3586 1491 3634; x_wconf 88' lang='lat' dir='ltr'>fictitia.</span> <span class='ocrx_word' id='word_1_396' title='bbox 1557 3585 1655 3634; x_wconf 92' lang='lat' dir='ltr'>Ille</span> <span class='ocrx_word' id='word_1_397' title='bbox 1692 3586 1825 3634; x_wconf 90' lang='lat' dir='ltr'>enim</span> <span class='ocrx_word' id='word_1_398' title='bbox 1865 3601 2047 3633; x_wconf 90' lang='lat' dir='ltr'>sensus</span> <span class='ocrx_word' id='word_1_399' title='bbox 2086 3586 2367 3633; x_wconf 88' lang='lat' dir='ltr'>secundum</span> <span class='ocrx_word' id='word_1_400' title='bbox 2404 3582 2548 3647; x_wconf 56' lang='lat' dir='ltr'>prus</span> 
     </span>
     <span class='ocr_line' id='line_1_45' title="bbox 241 3652 2548 3730; baseline 0.001 -25"><span class='ocrx_word' id='word_1_401' title='bbox 241 3661 522 3709; x_wconf 82' lang='lat' dir='ltr'>videntiam</span> <span class='ocrx_word' id='word_1_402' title='bbox 562 3662 874 3709; x_wconf 88' lang='lat' dir='ltr'>ordinariam</span> <span class='ocrx_word' id='word_1_403' title='bbox 913 3678 1017 3709; x_wconf 90' lang='lat' dir='ltr'>non</span> <span class='ocrx_word' id='word_1_404' title='bbox 1056 3665 1234 3712; x_wconf 90' lang='lat' dir='ltr'>subest</span> <span class='ocrx_word' id='word_1_405' title='bbox 1272 3664 1626 3727; x_wconf 86' lang='lat' dir='ltr'>experientiae</span> <span class='ocrx_word' id='word_1_406' title='bbox 1652 3665 1745 3712; x_wconf 90' lang='lat' dir='ltr'>sub</span> <span class='ocrx_word' id='word_1_407' title='bbox 1772 3664 1980 3711; x_wconf 87' lang='lat' dir='ltr'>formali</span> <span class='ocrx_word' id='word_1_408' title='bbox 2004 3664 2222 3723; x_wconf 90' lang='lat' dir='ltr'>ratione,</span> <span class='ocrx_word' id='word_1_409' title='bbox 2264 3652 2548 3730; x_wconf 59' lang='lat' dir='ltr'>quatenuss¹i</span> 
     </span>
     <span class='ocr_line' id='line_1_46' title="bbox 242 3738 2548 3804; baseline 0 -19"><span class='ocrx_word' id='word_1_410' title='bbox 242 3738 308 3786; x_wconf 89' lang='lat' dir='ltr'>sit</span> <span class='ocrx_word' id='word_1_411' title='bbox 343 3741 760 3801; x_wconf 74' lang='lat' dir='ltr'>supernaturalis,</span> <span class='ocrx_word' id='word_1_412' title='bbox 799 3743 850 3787; x_wconf 86' lang='lat' dir='ltr'>et</span> <span class='ocrx_word' id='word_1_413' title='bbox 889 3740 930 3787; x_wconf 92' lang='lat' dir='ltr'>si</span> <span class='ocrx_word' id='word_1_414' title='bbox 969 3741 1274 3803; x_wconf 82' lang='lat' dir='ltr'>seiungatur</span> <span class='ocrx_word' id='word_1_415' title='bbox 1312 3759 1341 3790; x_wconf 89' lang='lat' dir='ltr'>a</span> <span class='ocrx_word' id='word_1_416' title='bbox 1379 3742 1600 3791; x_wconf 87' lang='lat' dir='ltr'>criteriis</span> <span class='ocrx_word' id='word_1_417' title='bbox 1640 3741 1975 3801; x_wconf 87' lang='lat' dir='ltr'>extrinsecis,</span> <span class='ocrx_word' id='word_1_418' title='bbox 2014 3745 2159 3804; x_wconf 87' lang='lat' dir='ltr'>patet</span> <span class='ocrx_word' id='word_1_419' title='bbox 2193 3740 2548 3802; x_wconf 67' lang='lat' dir='ltr'>illusionibus}</span> 
     </span>
     <span class='ocr_line' id='line_1_47' title="bbox 241 3817 2548 3886; baseline -0 -23"><span class='ocrx_word' id='word_1_420' title='bbox 241 3817 576 3878; x_wconf 84' lang='lat' dir='ltr'>gravissimis.</span> <span class='ocrx_word' id='word_1_421' title='bbox 641 3817 791 3866; x_wconf 90' lang='lat' dir='ltr'>Unde</span> <span class='ocrx_word' id='word_1_422' title='bbox 829 3818 985 3865; x_wconf 89' lang='lat' dir='ltr'>etiam</span> <span class='ocrx_word' id='word_1_423' title='bbox 1023 3819 1273 3880; x_wconf 86' lang='lat' dir='ltr'>videmus,</span> <span class='ocrx_word' id='word_1_424' title='bbox 1310 3820 1543 3868; x_wconf 89' lang='lat' dir='ltr'>homines</span> <span class='ocrx_word' id='word_1_425' title='bbox 1579 3835 1673 3882; x_wconf 89' lang='lat' dir='ltr'>pro</span> <span class='ocrx_word' id='word_1_426' title='bbox 1711 3820 1961 3882; x_wconf 81' lang='lat' dir='ltr'>religione</span> <span class='ocrx_word' id='word_1_427' title='bbox 1998 3820 2131 3868; x_wconf 89' lang='lat' dir='ltr'>falsa</span> <span class='ocrx_word' id='word_1_428' title='bbox 2171 3822 2221 3867; x_wconf 91' lang='lat' dir='ltr'>et</span> <span class='ocrx_word' id='word_1_429' title='bbox 2258 3817 2548 3886; x_wconf 65' lang='lat' dir='ltr'>erroribus}</span> 
     </span>
     <span class='ocr_line' id='line_1_48' title="bbox 241 3890 2548 3959; baseline 0 -20"><span class='ocrx_word' id='word_1_430' title='bbox 241 3893 528 3942; x_wconf 88' lang='lat' dir='ltr'>manifestis</span> <span class='ocrx_word' id='word_1_431' title='bbox 578 3895 839 3957; x_wconf 84' lang='lat' dir='ltr'>appellare</span> <span class='ocrx_word' id='word_1_432' title='bbox 889 3896 970 3956; x_wconf 92' lang='lat' dir='ltr'>,ad</span> <span class='ocrx_word' id='word_1_433' title='bbox 1009 3897 1381 3958; x_wconf 87' lang='lat' dir='ltr'>experientiam</span> <span class='ocrx_word' id='word_1_434' title='bbox 1420 3902 1471 3945; x_wconf 88' lang='lat' dir='ltr'>et</span> <span class='ocrx_word' id='word_1_435' title='bbox 1508 3897 1573 3945; x_wconf 87' lang='lat' dir='ltr'>ad</span> <span class='ocrx_word' id='word_1_436' title='bbox 1619 3912 1825 3945; x_wconf 89' lang='lat' dir='ltr'>sensum</span> <span class='ocrx_word' id='word_1_437' title='bbox 1874 3894 2171 3958; x_wconf 86' lang='lat' dir='ltr'>internum‘,</span> <span class='ocrx_word' id='word_1_438' title='bbox 2223 3911 2373 3959; x_wconf 90' lang='lat' dir='ltr'>quem</span> <span class='ocrx_word' id='word_1_439' title='bbox 2421 3890 2548 3957; x_wconf 55' lang='lat' dir='ltr'>ipti¹</span> 
     </span>
     <span class='ocr_line' id='line_1_49' title="bbox 242 3971 1002 4035; baseline 0.003 -16"><span class='ocrx_word' id='word_1_440' title='bbox 242 3971 480 4020; x_wconf 85' lang='lat' dir='ltr'>tribuunt</span> <span class='ocrx_word' id='word_1_441' title='bbox 517 3973 730 4035; x_wconf 80' lang='lat' dir='ltr'>Spiritui</span> <span class='ocrx_word' id='word_1_442' title='bbox 768 3971 1002 4022; x_wconf 84' lang='lat' dir='ltr'>Sanct0.“</span> 
     </span>
    </p>
   </div>
  </div>
 </body>
</html>
