2548 4290
343 184 587 227 Comment.
620 186 720 225 VII.
775 186 844 225 De
874 186 1021 226 tribus
1055 186 1358 227 Conciliorum
1389 189 1658 227 testimoniis
1689 190 1736 227 in
1769 190 1917 240 eapite
1946 187 2024 227 IV.
2187 187 2286 237 167

84 331 234 394 catio,
275 346 369 380 cur
410 330 811 398 distinguantur
852 328 996 396 ,fidei
1036 329 1241 397 regula‘
1282 334 1336 382 et
1375 330 1685 395 ,constituta
1713 330 1955 382 Patrum‘
1996 330 2108 381 sive
2152 346 2290 392 ,con-

54 410 58 415 '
85 414 267 467 stituta
294 413 400 464 Dei
437 418 490 464 et
517 412 788 475 Patrum‘3
830 430 1059 478 rursum,
1100 417 1221 480 post
1260 412 1487 463 incisum
1516 417 1748 478 ,servata
1785 412 1995 480 religio‘
2024 411 2290 463 formulae

84 495 300 567 prioriS,
348 496 404 545 in
444 496 614 546 altera
654 495 722 546 ab
764 494 923 546 VIII.
968 495 1207 547 Concilio
1248 495 1478 565 probata
1518 495 1760 546 additur:
1819 501 1889 559 ,et
1928 500 2111 547 sancta
2153 495 2292 547 cele-

83 580 236 632 brata
263 577 553 641 doctrina‘3
596 583 802 629 mutata
839 578 1056 630 tandem
1100 579 1283 647 phrasi
1319 596 1430 647 ,spe
1472 583 1526 629 et
1563 577 1686 629 fide‘
1726 579 1781 629 in
1807 579 2044 647 phrasim
2090 578 2211 644 ,fide
2241 583 2293 629 et

85 661 358 726 doctrina‘,
416 665 538 728 post
579 661 805 711 incisum
847 663 1153 725 ,constituta
1193 660 1435 712 Patrum‘
1475 662 1529 711 in
1570 660 1802 712 formula
1841 661 2194 724 Hormisdae,
2236 661 2292 712 in

83 745 253 797 altera
273 743 546 795 adiicitur:
573 748 645 806 ,et
665 743 957 812 praecipue
984 750 1287 795 sanctorum
1308 744 1462 795 Sedis
1481 743 1831 811 Apostolicae
1854 742 2208 811 praesulum‘3
2238 749 2297 794 ut

230 827 317 893 „b)
359 826 592 877 formula
631 826 772 893 fidei,
813 844 950 895 quae
981 827 1047 878 ab
1075 827 1369 879 Hormisda
1396 827 1771 896 opponebatur
1800 844 1926 877 suae
1954 827 2143 877 aetatis
2170 826 2296 878 hae-

83 910 261 964 reticis
300 915 461 979 atque
490 909 857 975 schismaticis,
900 909 1234 962 Nestorianis
1274 911 1541 975 nimirum,
1583 910 1938 979 Eutychianis
1967 914 2127 977 atque
2157 909 2295 960 Aca-

84 994 275 1059 cianiS,
331 992 522 1045 eadem
573 992 639 1044 ab
681 992 962 1044 Hadriano
1017 998 1322 1063 opponatur
1364 992 1737 1045 Iconomachis
1793 997 1953 1061 atque
1997 992 2293 1045 Photianis.

86 1076 290 1138 Quibus
329 1076 559 1140 reiectiS,
602 1075 871 1127 Hadriani
912 1076 1145 1128 formula
1185 1077 1237 1127 in
1279 1076 1439 1128 VIII.
1483 1075 1724 1128 Concilio
1765 1076 2066 1144 approbata
2105 1075 2296 1127 iisdem

85 1160 243 1231 plane
288 1178 349 1212 ac
402 1159 729 1211 Hormisdae
786 1159 1018 1211 formula
1070 1160 1247 1211 verbis
1302 1160 1616 1212 absolvitur.
1706 1159 1885 1219 Quare
1941 1177 2101 1228 quum
2157 1158 2297 1210 Hor-

87 1244 288 1295 misdae
340 1242 598 1308 formula,
652 1243 763 1294 sive
805 1260 890 1294 res
932 1244 1042 1294 sive
1086 1243 1252 1295 verba
1289 1244 1628 1312 respexeriS,
1686 1248 1797 1294 tota
1839 1249 2039 1311 quanta
2079 1243 2144 1294 ab
2186 1241 2297 1293 Ha-

48 1340 50 1343 ·
89 1327 275 1380 driano
315 1325 480 1378 fuerit
519 1331 761 1395 accepta,
803 1344 904 1378 nec
948 1327 1048 1378 nisi
1089 1327 1212 1377 hinc
1253 1327 1583 1378 brevissimis
1613 1328 1896 1378 dumtaxat
1925 1325 2299 1378 declarationi-

87 1411 185 1463 bus
224 1415 409 1475 aueta,
462 1409 588 1461 inde
631 1427 727 1477 pro
767 1414 1075 1479 temporum
1114 1428 1333 1461 suorum
1375 1410 1642 1461 adiunctis
1683 1410 1971 1479 adaptata,
2016 1410 2205 1460 merito
2247 1411 2300 1460 in

87 1494 359 1546 schemate
389 1492 694 1556 adnotatur,
737 1493 876 1561 quod
909 1494 1179 1545 communi
1208 1493 1370 1545 etiam
1398 1511 1496 1544 usu
1522 1499 1801 1563 receptum
1836 1501 1932 1558 est,
1974 1494 2300 1545 Hormisdae

87 1576 374 1629 formulam
414 1576 576 1627 fuisse
611 1576 664 1626 in
695 1576 939 1627 Concilio
969 1575 1128 1627 VIII.
1171 1576 1237 1627 ab
1268 1576 1550 1628 Hadriano
1593 1577 1919 1644 propositam
1963 1582 2016 1628 et
2057 1577 2122 1628 ab
2165 1578 2300 1630 eius-

89 1660 210 1712 dem
252 1659 479 1712 Concilii
521 1659 774 1710 Patribus
814 1659 1187 1729 subscriptam.
1262 1659 1534 1727 Ceterum,
1578 1660 1719 1729 quod
1761 1661 1827 1712 ad
1868 1662 1983 1729 ipsa
2022 1661 2188 1712 verba
2231 1679 2298 1712 ex

88 1743 320 1796 formula
344 1743 672 1795 Hormisdae
714 1744 768 1793 in
808 1743 1081 1795 schemate
1109 1743 1345 1811 allegata
1388 1744 1635 1809 pertinet,
1677 1762 1740 1794 ea
1780 1744 2003 1795 totidem
2035 1744 2302 1796 habentur

86 1827 140 1877 in
198 1826 429 1878 formula
481 1825 547 1877 ab
601 1825 882 1877 Hadriano
935 1827 988 1877 in
1030 1826 1187 1878 VIII.
1231 1826 1471 1878 Concilio
1524 1828 1819 1896 proposita,
1878 1846 1996 1879 cum
2048 1828 2147 1879 hoc
2189 1829 2302 1879 solo

88 1910 420 1974 discrimine,
461 1914 519 1960 ut
559 1909 612 1960 in
654 1910 939 1978 posteriori
981 1916 1226 1961 occurrat
1265 1911 1488 1961 incisum
1531 1916 1601 1974 ,et
1641 1917 1823 1962 saneta
1866 1911 2138 1963 celebrata
2179 1911 2302 1962 doc-

85 1994 261 2058 trina‘,
303 1993 447 2062 quod
488 1993 541 2044 in
582 1993 855 2044 schemate
899 2011 1111 2063 quoque
1154 2000 1528 2045 conservatum
1570 2000 1664 2045 est.
1745 1994 1850 2046 Sed
1892 1995 2018 2046 inde
2060 2012 2159 2046 nec
2200 1994 2301 2045 dif—

86 2076 354 2128 ficillimus
408 2077 631 2145 quisque
685 2077 829 2127 reale
879 2076 1234 2128 formularum
1291 2076 1578 2128 discrimen
1629 2078 1745 2128 iure
1796 2084 2013 2145 arguet3
2071 2083 2123 2129 et
2177 2078 2303 2129 satis

87 2161 359 2229 provisum
401 2160 516 2222 erit,
559 2160 601 2210 si
640 2165 758 2211 nota
797 2159 1060 2211 schemati
1099 2161 1377 2229 supposita
1411 2161 1484 2211 ita
1525 2162 1887 2229 concipiatur:
1930 2161 2033 2226 ,Ex
2074 2161 2305 2213 formula

88 2244 137 2296 S.
168 2244 493 2295 Hormisdae
535 2243 732 2312 Papae,
776 2249 935 2311 prout
975 2244 1040 2295 ab
1073 2245 1351 2295 Hadriano
1382 2244 1453 2294 II.
1485 2244 1722 2295 Concilio
1766 2247 2112 2297 oecumenico
2144 2244 2303 2297 VIII.

88 2328 380 2396 proposita,
423 2332 476 2378 et
516 2327 581 2377 ab
624 2326 866 2377 eiusdem
908 2326 1135 2378 Concilii
1177 2327 1429 2378 Patribus
1470 2327 1770 2394 subscripta
1812 2328 1926 2378 est.‘

238 2412 318 2475 „2.
360 2409 431 2459 Vi
473 2410 633 2461 etiam
677 2414 824 2460 caret
865 2411 1115 2478 exceptio
1146 2410 1331 2473 altera,
1375 2411 1525 2477 quasi
1555 2410 1788 2477 allegata
1816 2411 1870 2460 in
1899 2411 2171 2461 schemate
2201 2409 2305 2460 for-

88 2494 232 2545 mula
272 2493 596 2545 Hormisdae
638 2493 800 2544 tribui
843 2493 1039 2545 debeat
1079 2494 1270 2545 Ioanni
1309 2493 1908 2562 Constantinopolitano
1939 2492 2304 2555 Patriarehae,

86 2577 140 2628 in
183 2577 331 2627 cuius
372 2576 573 2642 ,libello
613 2576 739 2627 fidei
780 2576 983 2628 directo
1013 2576 1080 2628 ad
1110 2577 1161 2629 S.
1193 2577 1538 2628 Hormisdam
1579 2577 1801 2643 Papam‘
1845 2577 2032 2628 eadem
2074 2576 2306 2627 formula

89 2677 159 2712 ex
199 2660 393 2712 Isidori
434 2659 752 2711 collectione
804 2660 1088 2726 reperitur.
1168 2659 1275 2711 Sed
1317 2660 1461 2710 hisce
1504 2659 1851 2710 confunditur
1911 2665 2097 2710 auctor
2135 2658 2306 2709 libelli

90 2761 209 2796 cum
251 2760 341 2807 ee,
399 2743 488 2811 qui
548 2742 721 2794 eidem
778 2742 902 2794 fidei
944 2743 1129 2794 libello
1182 2743 1510 2812 subscripsit.
1589 2742 1843 2794 Scilicet¹
1896 2743 2021 2793 fidei
2076 2742 2305 2793 formula

89 2827 199 2878 sive
240 2826 455 2877 libellus
484 2826 826 2891 Hormisdae,
869 2843 1026 2894 quem
1068 2843 1323 2895 recepere
1366 2827 1595 2894 primum
1624 2826 1879 2895 Episcopi
1909 2826 2059 2895 Epiri
2101 2827 2154 2876 in
2184 2843 2303 2894 syn-

92 2909 193 2961 odo
245 2909 410 2973 uniti,
469 2914 583 2959 tum
637 2909 949 2977 provinciae
997 2909 1339 2971 Dardaniae,
1395 2909 1598 2978 Illyrici
1656 2915 1709 2959 et
1762 2909 2052 2973 Thraciae,
2114 2908 2304 2959 missus

92 3010 253 3061 porro
305 2991 406 3043 fuit
457 2992 526 3043 ad
577 2992 866 3043 orientales
905 2992 1276 3054 Patriarchas,
1332 2992 2019 3059 Constantinopolitanum,
2062 2991 2305 3042 Alexan-

52 3075 307 3131 ,drinum
359 3081 413 3127 et
464 3074 895 3139 Antiochenum3
955 3075 1240 3144 eidemque
1294 3075 1477 3127 libello
1530 3080 1745 3142 praeter
1795 3076 2028 3143 reliquos
2071 3074 2307 3126 Orientis

90 3157 388 3227 Episcopos
429 3157 661 3209 Ioannes
704 3157 1334 3227 Constantinopolitanus
1377 3175 1496 3208 cum
1537 3158 1744 3224 ingenti
1793 3157 2136 3208 multitudine
2177 3157 2305 3225 Epi-

7 3291 12 3295 .
93 3258 378 3310 scoporum
430 3247 484 3293 et
532 3241 1096 3292 Archimandritarum
1149 3241 1488 3310 subscripsit,
1541 3241 2010 3309 subscriptumque
2061 3241 2304 3291 libellum

91 3324 234 3376 idem
275 3324 525 3390 Ioannes,
567 3325 643 3375 uti
684 3342 780 3393 par
821 3330 952 3387 erat,
994 3325 1060 3375 ad
1099 3325 1448 3376 Hormisdam
1491 3324 1706 3387 direxit,
1747 3330 1908 3393 atque
1937 3325 2009 3375 ita
2050 3325 2304 3374 unionem

93 3409 172 3459 sui
214 3408 607 3476 patriarchatus
649 3426 768 3458 oum
807 3408 1055 3458 Romana
1095 3408 1392 3459 catholicae
1435 3409 1653 3459 unitatis
1694 3408 1938 3459 Ecclesia
1979 3408 2069 3458 diu
2109 3408 2305 3474 abrup-

94 3496 202 3542 tam
258 3492 313 3541 in
363 3491 634 3558 integrum
686 3491 934 3543 restituit.
1013 3491 1157 3542 Hinc
1210 3497 1354 3543 certe
1409 3492 1733 3542 Hormisdae
1786 3491 1998 3542 libellus
2052 3491 2177 3542 fidei
2229 3491 2306 3541 in—

93 3575 303 3625 venitur
342 3574 396 3624 in
438 3575 665 3643 epistola
704 3575 922 3626 Ioannis
952 3574 1298 3626 Patriarchae
1342 3574 1408 3625 ad
1450 3574 1653 3643 Papam
1683 3574 2052 3638 Hormisdam3
2094 3574 2188 3625 sed
2223 3575 2307 3626 hic

98 3664 176 3708 est
215 3656 385 3707 libelli
425 3662 628 3718 auctor,
670 3658 761 3708 ille
802 3657 1152 3725 subscriptor.

160 3909 176 3956 1
242 3834 257 3861 ¹
294 3835 380 3882 Uti
406 3842 481 3883 est
506 3838 639 3898 apud
665 3837 939 3897 Labbeum,
968 3836 1157 3886 Concil.
1185 3837 1309 3886 Coll.
1337 3836 1416 3897 [V,
1444 3839 1536 3883 582
1566 3853 1601 3883 s.
1631 3839 1719 3883 621
1751 3853 1786 3883 S.
1807 3835 1987 3895 Mansi]
2016 3840 2132 3883 tom.
2159 3836 2305 3883 VIII.

98 3923 155 3955 co
180 3910 210 3957 l.
246 3912 338 3957 407
377 3927 484 3973 sqq.
