2548 4290
229 142 295 195 16
717 141 832 182 Pars
864 140 900 180 Ι.
960 137 1116 180 Const.
1151 136 1206 177 de
1237 136 1339 177 fide.
1406 134 1518 189 Cap.
1550 135 1585 175 Ι.
1641 135 1757 176 Eius
1790 135 1998 175 historia.

228 293 494 359 quantum
535 287 652 339 fieri
692 285 991 356 potuisset,
1043 283 1164 354 ipsa
1205 281 1373 335 verba
1413 286 1631 334 retenta
1671 298 1817 345 esse3
1870 279 1997 332 hinc
2038 280 2197 347 inde,
2254 280 2399 351 quod
2443 281 2494 333 in

223 374 392 444 priori
432 372 711 425 schemate
754 370 810 422 in
851 369 994 422 notis
1024 368 1301 420 adiectum
1334 383 1430 419 seu
1459 365 1725 435 implicite
1756 364 1965 417 dictum
1994 370 2154 429 esset,
2196 364 2252 417 in
2278 370 2494 418 textum

222 464 507 528 receptum
552 461 606 509 et
648 455 909 525 explicite
953 453 1300 506 enuntiatum
1345 468 1480 504 esse.
1560 449 1822 503 Formam
1875 450 2169 503 schematis
2223 468 2341 504 esse
2379 469 2495 503 mu-

222 547 408 595 tatam.
490 541 644 602 Quae
694 540 906 610 aliquos
961 536 1351 602 offendissent,
1406 535 1631 602 omissa,
1690 535 1872 606 capita
1926 535 2210 588 doctrinae
2263 553 2494 589 numero

220 627 499 696 pauciora,
540 626 596 677 in
638 624 869 694 singulis
910 623 1075 676 rebus
1116 621 1334 674 initium
1377 638 1596 691 semper
1637 619 1843 673 factum
1887 638 2006 673 esse
2047 619 2114 672 ab
2147 620 2494 690 expositione

220 710 530 777 doctrinae;
563 708 1084 762 condemnationem
1105 724 1352 759 errorum
1375 706 1431 757 in
1450 723 1686 758 canones
1714 705 2056 774 translatam,
2077 704 2335 758 brevitati
2365 722 2493 758 con-

218 796 437 862 sultum,
480 796 664 848 stilum
705 794 1114 866 simpliciorem,
1158 792 1466 856 clariorem,
1510 791 1791 861 puriorem
1833 790 2144 844 adhibitum
2187 808 2305 844 esse
2329 790 2362 843 ¹.

364 880 584 933 Deinde
628 879 964 932 discussione
1006 879 1229 948 incepta
1266 876 1321 928 in
1364 876 1558 929 eadem
1612 875 1854 928 sessione
1909 875 1976 929 de
2031 876 2316 947 prooemio
2359 875 2495 929 deli.-

217 964 468 1018 beratum
509 969 590 1018 est
630 969 795 1034 atque
836 963 890 1015 in
933 963 1177 1033 singulas
1220 961 1337 1015 fere
1379 961 1555 1014 lineas
1596 961 1711 1014 sive
1753 978 1889 1014 voce
1943 962 2057 1014 sive
2112 962 2316 1032 scripto
2367 979 2493 1032 pro-

217 1051 426 1119 positae
480 1055 605 1103 sunt
656 1048 1071 1102 emendationes
1093 1046 1129 1102 ².
1210 1047 1295 1100 De
1349 1047 1431 1099 his
1485 1047 1739 1117 sequenti
1783 1046 1869 1100 die
1913 1047 1968 1099 in
2009 1052 2207 1119 quarta
2245 1048 2490 1101 sessione

214 1135 522 1207 Episcopus
564 1134 1040 1188 Paderbornensis
1083 1134 1411 1187 relationem
1454 1133 1675 1201 habuit,
1730 1151 2031 1203 earumque
2085 1151 2212 1204 pars
2264 1138 2493 1204 recepta

216 1225 312 1274 est.
381 1220 800 1273 Constituerunt
829 1219 1043 1284 PatreS,
1087 1225 1146 1271 ut
1174 1219 1229 1270 in
1260 1217 1459 1271 futuris
1485 1217 1821 1271 sessionibus
1851 1236 2040 1271 omnes
2070 1217 2489 1272 emendationes

215 1304 395 1357 verbis
436 1306 726 1357 succinctis
769 1310 1066 1375 conceptae
1109 1305 1313 1375 scripto
1357 1303 1760 1357 exhiberentur
1780 1302 1816 1357 ³.

361 1388 541 1460 Capu‘t
581 1390 814 1460 primum
860 1407 983 1441 cum
1026 1389 1328 1442 canonibus
1385 1407 1416 1441 a
1457 1389 1717 1442 Patribus
1770 1389 2050 1460 deputatis
2104 1388 2474 1441 examinatum

213 1478 294 1526 est
345 1474 399 1525 in
456 1474 648 1544 quinta
699 1473 1008 1541 sessione⁴‚
1067 1480 1121 1528 et
1173 1492 1340 1544 quum
1394 1474 1450 1526 in
1502 1474 1743 1527 sessione
1797 1479 1955 1527 sexta
2009 1473 2476 1527 Paderbornensis

213 1564 378 1629 caput
420 1563 474 1611 et
512 1578 747 1613 canones
789 1560 1091 1613 secundum
1135 1560 1362 1612 Patrum
1405 1565 1534 1613 vota
1574 1559 1870 1613 emendata
1916 1565 2281 1630 proponeret,
2335 1560 2476 1630 prior

212 1644 405 1713 capitis
446 1663 570 1714 pars
612 1646 872 1712 omnium,
916 1645 1090 1698 altera
1132 1646 1406 1713 omnium,
1460 1645 1674 1698 duobus
1716 1646 1994 1717 exceptiS,
2037 1645 2317 1715 suffragiis
2357 1663 2480 1716 pro-

210 1727 338 1780 bata
390 1733 487 1781 est.
578 1729 833 1783 Canones
886 1731 1140 1783 omnibus
1192 1731 1550 1801 placuerunt,
1605 1731 1966 1784 constitutum
2018 1737 2205 1784 tamen
2248 1736 2359 1799 est,
2412 1749 2480 1784 ne

210 1828 449 1866 canones
479 1819 721 1884 quartus,
765 1815 1004 1885 quintUS,
1040 1822 1229 1869 sextus
1258 1822 1722 1886 proponerentur,
1754 1817 1857 1869 nisi
1886 1817 1942 1869 id
1972 1835 2003 1869 a
2031 1815 2480 1886 Congregatione

207 1899 454 1966 generali
492 1901 867 1969 postularetur
890 1900 928 1953 5.

352 1984 419 2036 In
460 1987 642 2056 priore
685 1988 794 2040 iam
836 1990 1076 2042 sessione
1119 1989 1186 2042 de
1231 1990 1411 2060 capite
1441 1991 1685 2044 secundo
1728 1996 1911 2043 actum
1953 1997 2096 2057 erat3
2142 1991 2198 2043 in
2238 1990 2480 2043 sessione

207 2074 364 2122 sexta
403 2073 672 2141 agebatur
715 2074 781 2127 de
825 2075 941 2127 eius
997 2075 1299 2129 canonibus
1319 2075 1356 2128 ⁶.
1438 2076 1599 2138 Quod
1654 2083 1820 2147 caput
1863 2095 1986 2129 cum
2041 2075 2344 2129 canonibus
2396 2094 2480 2130 re-

207 2154 519 2226 formatum,
561 2159 616 2210 in
645 2161 887 2214 sessione
918 2163 1151 2232 septima
1181 2181 1211 2215 a
1239 2162 1688 2216 Paderbornensi
1723 2163 2085 2234 propositum,
2126 2163 2317 2233 paucis
2346 2162 2480 2215 locis

206 2247 476 2295 mutatum
533 2244 650 2299 fere
704 2246 956 2299 omnibus
1008 2248 1232 2318 placuit.
1313 2248 1568 2303 Alteram
1621 2250 2035 2320 paragraphum
2080 2248 2172 2317 (de
2213 2248 2479 2301 credendi

207 2326 411 2395 officio)
441 2347 630 2383 omnes
659 2331 905 2383 unanimi
936 2349 1206 2386 consensu
1233 2333 1288 2385 in
1319 2339 1485 2403 caput
1503 2334 1728 2387 tertium
1754 2332 1845 2401 (de
1866 2334 1998 2402 fide)
2029 2332 2476 2386 transferendam

207 2428 323 2464 esse
366 2420 699 2467 censuerunt
716 2414 751 2469 ⁷.

351 2498 436 2551 De
490 2502 669 2571 capite
721 2503 884 2555 tertio
942 2508 996 2556 et
1048 2503 1351 2557 canonibus
1406 2522 1469 2557 eo
1513 2503 1891 2575 spectantibus
1940 2504 2267 2575 disceptatio
2309 2503 2476 2557 habe-

207 2582 365 2636 batur
417 2585 472 2637 in
523 2587 762 2641 sessione
817 2593 979 2642 sexta
1030 2594 1085 2641 et
1137 2589 1400 2660 septima,
1458 2607 1694 2660 cumque
1738 2589 2094 2644 emendatum
2136 2590 2192 2642 in
2233 2590 2475 2643 sessione

204 2674 399 2723 octava
439 2678 860 2743 proponeretur,
901 2675 958 2726 in
1000 2675 1191 2746 paucis
1233 2680 1506 2728 mutatum
1548 2681 1834 2747 receptum
1878 2681 1977 2731 est.
2045 2676 2250 2729 Postea
2290 2681 2473 2729 tamen

201 2755 258 2806 in
292 2757 531 2810 sessione
561 2777 704 2812 nona
732 2760 1149 2831 proponebatur
1180 2767 1233 2814 et
1255 2761 1629 2831 recipiebatur
1659 2762 1973 2815 emendatio
2005 2761 2071 2814 de
2102 2761 2282 2815 officio
2313 2762 2477 2815 etiam

203 2858 268 2893 ea
308 2841 601 2911 credendi,
645 2862 785 2915 quae
827 2846 894 2897 ab
938 2846 1215 2900 ordinario
1259 2846 1577 2916 magisterio
1621 2852 1674 2899 et
1715 2846 2017 2900 universali
2061 2846 2477 2917 praedicatione

202 2925 483 2981 Ecclesiae
520 2934 800 3000 tamquam
831 2933 1075 2985 revelata
1106 2937 1522 3003 proponuntur3
1566 2951 1740 2985 novus
1780 2938 1966 2986 autem
1994 2950 2189 3000 canon,
2232 2932 2325 3002 qui
2354 2950 2477 3003 pro-

203 3012 529 3082 ponebatur,
569 3015 672 3068 hoc
712 3016 830 3069 loco
873 3035 982 3069 non
1025 3018 1318 3071 videbatur
1359 3018 1713 3089 recipiendus
1733 3018 1770 3071 S.

349 3098 806 3154 Discutiebantur
848 3110 1013 3173 caput
1054 3108 1311 3173 quartum
1352 3104 1408 3155 in
1461 3105 1703 3157 sessione
1747 3110 1943 3158 octava
1986 3108 2041 3157 et
2082 3105 2198 3157 eius
2238 3120 2476 3155 canones

202 3183 258 3234 in
299 3201 461 3238 nona.
530 3184 712 3246 Quum
753 3187 1055 3240 reformata
1095 3189 1151 3241 in
1182 3188 1396 3242 decima
1425 3189 1668 3242 sessione
1699 3193 2162 3259 proponerentur,
2206 3188 2475 3258 pleraque

352 3342 365 3368 1
403 3340 483 3387 Ex
521 3341 649 3389 actis
688 3343 1039 3404 deputationis
1078 3349 1175 3394 etc.
1249 3345 1304 3394 O.
1343 3346 1403 3394 V.
1445 3348 1571 3394 1648
1590 3363 1636 3394 a.

349 3416 364 3443 2
402 3419 534 3467 Ibid.
574 3419 627 3467 O.
666 3420 728 3468 V.
772 3422 941 3469 16461)
982 3439 1108 3486 sqq.,
1147 3424 1236 3472 ubi
1275 3424 1573 3485 propositae
1611 3424 2001 3472 emendationes
2039 3424 2358 3472 referuntur.

348 3494 363 3521 3
400 3496 481 3542 Ex
517 3497 646 3544 actis
685 3498 1035 3559 deputationis
1074 3506 1171 3549 etc.
1243 3500 1297 3549 O.
1336 3501 1399 3549 V.
1443 3502 1618 3549 1649d
1657 3518 1766 3565 sqq.

347 3571 366 3598 ²*
402 3573 533 3622 Ibid.
563 3573 617 3622 O.
645 3575 706 3622 V.
737 3577 859 3623 1651
880 3593 908 3624 a
936 3593 1045 3641 sqq.
1186 3577 1201 3604 ⁵
1228 3579 1360 3627 Ibid.
1389 3578 1444 3627 O.
1472 3579 1534 3626 V.
1569 3580 1692 3627 1653
1710 3580 1758 3627 d.
1801 3579 2006 3628 Relatio
2035 3582 2134 3628 etc.
2177 3578 2234 3627 C.
2261 3579 2321 3627 V.
2350 3580 2411 3627 86
2429 3594 2470 3627 0.

347 3649 362 3675 *³
401 3651 480 3698 Ex
517 3653 644 3700 actis
683 3657 779 3702 etc.
850 3654 905 3703 C.
944 3656 1007 3703 V.
1050 3658 1217 3705 16520
1256 3673 1365 3719 sqq.
1408 3658 1582 3706 1653d
1621 3674 1732 3722 sqq.

348 3727 362 3753 ⁷
400 3728 529 3777 Ibid.
569 3729 624 3778 O.
663 3731 724 3779 V.
767 3733 891 3780 1655
906 3734 955 3782 b.
1025 3734 1101 3782 De
1138 3734 1467 3797 paragrapho
1506 3737 1762 3784 translata
1798 3736 1862 3784 cf.
1903 3737 2109 3785 schema
2147 3735 2471 3800 deputationi

200 3806 518 3942 pzogositunp
557 3806 635 3866 (O.
672 3808 733 3854 V.
779 3810 901 3856 1629
919 3809 965 3869 0)
1017 3827 1132 3859 cum
1171 3813 1431 3862 schemate
1470 3809 1875 3876 Oongregationi
1922 3814 2153 3876 generali
2201 3814 2468 3877 proposito

220 3881 235 3927 i
274 3880 288 3927 i
331 3919 340 3929 .
382 3883 526 3931 72d.

346 3957 362 3985 8
399 3959 479 4007 Ex
516 3963 645 4009 actis
684 3966 780 4012 etc.
842 3964 896 4012 G.
935 3965 996 4013 V.
1040 3967 1164 4014 1658
1181 3984 1225 4016 a.
1287 3967 1362 4016 Of.
1403 3969 1619 4018 Schema
1657 3973 1753 4017 etc.
1816 3968 1871 4017 O.
1912 3970 1972 4017 V.
2015 3972 2073 4017 73
2091 3985 2132 4018 0.
