2548 4290
0 0 11 7 τ·
34 0 59 8 ,ππ

0 125 7 153 ἶ
33 103 39 113 ⁸¹
68 123 235 166 Comm.
260 122 360 163 VII.
409 124 477 163 De
499 124 645 163 tribus
672 120 807 162 Cone.
833 124 996 162 testim.
1060 122 1231 163 Uomm.
1257 122 1380 162 VIII.
1428 123 1558 162 Pont.
1584 121 1724 162 infall.
1749 135 1854 163 num
1879 135 1993 175 pers.
2018 127 2102 163 etc.
2173 123 2272 173 175

71 247 397 328 doctrinam}
454 268 508 316 et
548 263 690 332 quod
728 263 823 314 illa
861 263 1027 315 verba
1078 267 1161 327 (ut
1198 280 1301 315 non
1339 262 1541 330 deficiat
1568 262 1706 329 fides
1743 264 1860 327 tua)
1900 263 2277 331 intelliguntur

68 347 133 399 de
174 345 314 398 Sede
354 344 689 414 Apostolica,
731 350 785 397 et
824 345 968 414 quod
1007 346 1074 396 sit
1114 346 1364 397 immunis
1405 345 1471 397 ab
1510 346 1749 411 haeresi,
1796 351 1957 415 atque
1999 345 2278 397 confirma-

67 431 266 482 tionem
319 429 557 481 omnium
611 429 838 480 fratrum
884 429 1237 481 titubantium
1287 430 1342 480 in
1378 428 1484 481 fide
1526 429 1594 480 ad
1633 430 1804 497 ipsam
1855 429 2037 481 sedem
2079 434 2132 480 et
2170 428 2278 480 Ro-

67 529 281 565 manum
330 512 652 563 Pontificem
702 511 1047 580 pertinere.‘1
1124 511 1212 564 Sic
1265 529 1394 580 ergo
1446 528 1533 563 res
1583 512 1857 579 explicata
1906 512 2007 563 fuit
2056 513 2112 563 in
2161 512 2277 580 ipso

67 594 308 647 Concilio
348 593 684 659 FlorentinO,
727 600 781 646 et
818 594 905 646 hic
946 612 1131 646 sensus
1170 595 1357 663 utique
1398 599 1656 663 tanquam
1698 594 2038 646 authenticus
2077 594 2278 646 haben-

67 678 164 730 dus
205 682 312 743 est,
365 693 486 728 cum
528 694 597 728 ex
636 676 926 742 industria,
981 678 1228 729 Romano
1268 677 1532 729 Pontifice
1574 677 1825 742 iubente,
1876 682 1936 729 ut
1975 678 2278 746 Imperator

66 778 280 813 sensum
320 759 586 811 formulae
626 760 867 825 resciret,
910 759 1074 812 fuerit
1113 760 1439 829 propositus

214 843 332 909 „Ex
372 843 453 894 his
494 842 648 894 dictis
688 843 1124 895 manifestissime
1153 849 1396 913 apparet,
1438 843 1582 912 quod
1610 861 1730 894 cum
1759 843 2127 895 definitionem
2155 842 2279 894 Flo·

65 927 334 979 rentinam
386 926 453 978 ad
505 926 885 979 stabiliendam
937 926 1167 979 Romani
1218 927 1497 978 Pontificis
1549 926 1994 979 infallibilitatem
2050 926 2277 978 adduxi-

65 1028 198 1075 mUS,
239 1009 417 1061 verbis
458 1026 675 1060 sensum
716 1010 953 1061 alienum
993 1010 1143 1061 nullo
1185 1009 1344 1062 modo
1385 1010 1760 1079 supponimus,
1822 1010 1915 1062 sed
1956 1027 2146 1061 revera
2186 1009 2279 1059 illa

67 1110 137 1145 ex
164 1098 345 1145 mente
373 1092 597 1145 Patrum
625 1093 1066 1145 Florentinorum
1093 1095 1530 1162 interpretamur,
1572 1098 1625 1145 et
1660 1093 1802 1162 quod
1842 1093 2108 1163 particula
2146 1093 2278 1156 hine,

65 1194 199 1247 quae
255 1182 465 1246 partem
521 1177 750 1245 primam
803 1194 924 1228 cum
976 1177 1216 1229 secunda
1268 1178 1539 1229 connectit
1590 1194 1687 1245 per
1738 1177 2169 1242 conclusionem,
2225 1181 2279 1227 et

67 1278 204 1327 quae
244 1278 276 1312 a
315 1260 557 1325 pluribus
598 1260 899 1312 oratoribus
940 1261 1261 1330 impugnata
1300 1260 1419 1325 fuit,
1458 1260 1637 1312 locum
1662 1278 1817 1311 suum
1842 1261 1958 1312 iure
2000 1260 2275 1328 occupat.“

794 1441 1345 1494 COMMENTATIO
1387 1441 1547 1494 VIII.

122 1566 298 1610 Romani
328 1565 544 1610 Pontifiois
575 1565 866 1610 infallibilitas
898 1579 995 1609 num
1028 1565 1201 1609 dicenda.
1233 1565 1292 1609 sit
1322 1566 1389 1610 vel
1424 1578 1502 1622 quo
1533 1578 1658 1610 sensu
1691 1564 1772 1608 dici
1808 1564 1943 1622 possit
1976 1565 2220 1622 personalis,

691 1639 903 1696 separata,
940 1638 1150 1691 absoluta,
1186 1639 1274 1683 eius
1309 1638 1436 1683 solius
1469 1638 1650 1696 propria.

207 1742 352 1792 Ante
404 1742 580 1809 ipsum
624 1740 925 1792 Concilium
978 1740 1291 1791 inchoatum
1344 1741 1398 1791 in
1441 1741 1820 1792 controversiis
1878 1739 1943 1791 de
1985 1739 2282 1790 infallibili-

63 1830 172 1876 tate
213 1825 490 1894 pontificia
531 1824 780 1876 excitatis
822 1825 1049 1875 multum
1080 1829 1266 1875 contra
1295 1842 1431 1886 eam,
1472 1829 1661 1893 utpote
1690 1823 2136 1875 infallibilitatem
2165 1840 2283 1892 per-

64 1908 303 1959 sonalem
342 1912 504 1977 atque
545 1912 847 1977 separatam
892 1913 944 1958 ct
980 1907 1281 1958 absolutam
1298 1906 1333 1973 ²,
1377 1907 1708 1976 disputatum
1749 1914 1842 1959 est.
1897 1906 2075 1966 Quum
2117 1907 2278 1958 etiam

64 1992 252 2044 Patres
289 1991 508 2060 quidam
548 1992 602 2042 in
653 1991 1213 2042 animadversionibus
1262 1991 1328 2042 de
1371 1992 1547 2060 capite
1599 1991 1849 2043 addendo
1891 1989 2126 2042 oblatis3
2167 2008 2279 2041 eas-

66 2075 187 2127 dem
227 2092 387 2127 voces
426 2081 777 2144 usurpassent
817 2080 979 2143 atque
1020 2075 1145 2126 inde
1188 2075 1536 2127 difficultates
1589 2083 1774 2127 contra
1819 2075 2117 2126 doctrinam
2158 2091 2279 2143 pro-

64 2158 293 2227 positam
334 2159 678 2224 excitassent,
719 2158 882 2209 etiam
923 2158 1200 2225 deputatio
1243 2159 1308 2209 de
1339 2158 1442 2210 fide
1471 2160 1525 2209 in
1555 2176 1618 2210 ea
1645 2159 1926 2222 relatione,
1968 2175 2127 2226 quam
2157 2174 2278 2208 cum

66 2258 204 2293 novo
246 2240 658 2293 Constitutionis
698 2241 970 2293 schemate
1011 2241 1263 2293 Patribus
1304 2241 1542 2309 tradidit,
1583 2242 1649 2293 de
1690 2259 1753 2293 ea
1793 2259 1850 2292 re
1891 2242 2018 2309 agit.

208 2324 480 2394 Imprimis
533 2342 692 2376 vocem
744 2325 1048 2393 „personalis
1101 2325 1507 2393 infallibilitate&
1562 2325 1615 2375 in
1666 2325 1937 2376 schemate
1997 2340 2277 2375 occurrere

65 2413 244 2476 negat.
327 2408 415 2474 „Si
455 2425 583 2460 vero
626 2408 691 2460 de
731 2426 786 2460 re
823 2427 919 2478 per
959 2426 1145 2461 vocem
1188 2409 1489 2477 significata
1529 2427 1700 2460 sermo
1742 2409 1854 2473 sit,“
1911 2409 2111 2476 inquit,
2170 2407 2278 2472 „in-

66 2491 363 2543 fallibilitas
415 2492 606 2544 eodem
663 2493 941 2545 verissimo
997 2511 1156 2544 sensu
1206 2493 1504 2562 personalis
1556 2493 1775 2560 dicitur,
1831 2498 1883 2543 et
1936 2492 2075 2543 dicta
2117 2492 2278 2542 etiam

66 2574 183 2639 fuit,
226 2592 330 2643 quo
371 2580 484 2627 tota
523 2575 793 2626 Primatus
836 2581 1072 2644 potestas
1112 2576 1180 2627 ad
1221 2576 1616 2627 excludendam
1659 2575 2109 2626 Richerianorum
2154 2574 2278 2625 hae-

66 2658 271 2710 resim⁴
323 2659 621 2726 personalis
662 2677 776 2710 esse
828 2659 1048 2725 dicitur,
1104 2665 1368 2729 quatenus
1409 2660 1611 2711 scilicet
1663 2660 2041 2728 praerogativa
2082 2658 2279 2708 infalli-

66 2741 289 2793 bilitatis
329 2742 429 2810 ipsi
460 2760 708 2810 personae
747 2742 999 2811 Apostoli
1040 2744 1189 2795 Petri
1231 2743 1408 2794 directe
1450 2761 1507 2794 ac
1548 2742 1833 2793 immediate
1873 2742 2067 2793 collata
2109 2741 2209 2791 fuit
2248 2759 2278 2791 a

67 2825 278 2878 Christo
320 2826 555 2877 Domino
597 2826 840 2877 dicente:
893 2826 994 2892 ,Tu
1037 2844 1091 2878 es
1131 2828 1324 2879 Petrus
1366 2827 1501 2888 etc.‘,
1548 2825 2002 2894 quemadmodum
2043 2825 2096 2875 in
2139 2824 2278 2875 Hor-

69 2909 270 2961 misdae
310 2909 542 2961 formula
582 2909 708 2961 fidei
748 2910 893 2977 prius
933 2911 1180 2979 exposita
1222 2910 1551 2961 declaratum
1594 2916 1690 2962 est.

218 2993 427 3058 „Quum
479 3011 606 3045 vero
657 2994 750 3045 illa
797 2994 1178 3063 praerogativa
1224 3011 1487 3062 personae
1540 2993 1684 3045 beati
1734 2993 1883 3044 Petri
1923 2993 2174 3062 Apostoli
2227 2999 2279 3042 et

67 3075 121 3126 in
162 3077 326 3128 Petro
377 3077 668 3145 unicuique
721 3094 981 3144 personae
1036 3094 1104 3127 ex
1155 3077 1263 3128 suis
1314 3077 1367 3127 in
1407 3077 1652 3128 Romana
1693 3076 1832 3128 Sede
1886 3075 2279 3127 successoribus

70 3165 270 3210 eatenus
310 3160 504 3211 collata
547 3161 639 3223 sit,
696 3164 958 3227 quatenus
1000 3159 1195 3210 Petrus
1247 3166 1385 3211 esset
1426 3178 1455 3211 a
1497 3160 1709 3211 Christo
1750 3159 1984 3210 Domino
2027 3168 2178 3228 petra
2220 3176 2281 3210 ac

217 3318 231 3345 ¹
268 3321 455 3380 Labbe,
494 3320 701 3367 Oollect.
742 3320 931 3367 Ooncil.
969 3320 1232 3374 t.XV11[,
1271 3320 1363 3367 col.
1406 3321 1528 3366 1154
1561 3336 1685 3382 sqq„
1728 3320 1846 3366 edit.
1885 3320 2063 3366 Venet.
2102 3319 2279 3366 Coleti.

217 3395 233 3422 ²
271 3395 346 3442 Cf.
384 3396 496 3442 Rffii
531 3397 814 3458 Dechamps
852 3397 913 3443 ad
949 3396 1129 3443 Rffium
1168 3397 1473 3457 Dupanloup
1509 3398 1682 3443 literas
1720 3395 1774 3444 C.
1812 3396 1870 3443 V.
1905 3397 2047 3443 288d
2085 3412 2190 3457 sqq.
2219 3424 2276 3429 —-

74 3471 312 3518 Eiusdem
365 3472 627 3533 epistolam
680 3473 740 3519 ad
791 3473 1103 3520 sacerdotem
1151 3472 1341 3533 Grati-y
1390 3471 1443 3519 O.
1492 3473 1553 3520 V.
1605 3474 1788 3520 13811).
1835 3498 1894 3503 —
1933 3472 2129 3518 Relatio
2183 3477 2276 3519 etc.

74 3546 128 3594 O.
163 3546 225 3593 V.
261 3548 354 3593 300
369 3562 412 3593 a.

219 3622 234 3648 ³
274 3623 347 3670 Of.
386 3639 538 3683 supra
574 3639 680 3684 cap.
719 3624 758 3670 Ι.
795 3624 1022 3670 Historia
1058 3624 1265 3683 originis
1303 3628 1397 3671 etc.
1434 3640 1479 3684 p.
1522 3626 1625 3670 107.

219 3697 238 3724 ⁴
272 3699 347 3745 De
384 3714 443 3745 ea
478 3699 708 3746 doctrina
742 3716 788 3746 v.
826 3700 1025 3746 schema
1061 3700 1327 3759 pristinum
1378 3701 1438 3747 de
1474 3700 1719 3759 Ecclesia,
1770 3699 1940 3746 adnot.
1978 3701 2053 3746 23.
2125 3699 2177 3746 O.
2215 3700 2277 3746 V.

77 3775 229 3821 612b.
256 3789 297 3821 c.
366 3773 442 3821 Of.
488 3774 621 3821 infra
671 3790 778 3835 cap.
815 3775 911 3821 III.
959 3775 1129 3821 adnot.
1177 3775 1240 3821 ad
1285 3777 1441 3823 verba
1492 3776 1808 3835 „immediate
1861 3780 1908 3822 et
1958 3772 2173 3821 directe“
2229 3776 2278 3821 in

75 3849 235 3910 primo
274 3850 437 3911 capite
474 3849 875 3897 Constitutionis.
