2548 4290
383 172 627 214 Comment.
658 171 741 212 111.
792 173 862 212 De
892 171 1120 214 Primatus
1151 183 1253 212 cum
1283 172 1487 213 Romana
1518 172 1623 214 sede
1654 175 1943 214 connexione.
2170 173 2269 223 145

63 320 324 370 assertum
364 333 577 381 eorum,
617 315 707 384 qui
747 314 950 365 factum
989 315 1140 367 Petri
1179 320 1390 367 tantum
1429 315 1724 366 humanum
1766 314 1928 367 fuisse
1969 315 2156 366 dicunt
2196 315 2273 380 (et

62 400 194 452 haec
231 415 340 450 non
380 405 497 450 erat
534 397 762 449 intentio
804 396 1223 464 deputationis);
1265 398 1340 449 sic
1380 402 1630 466 acceptat
1657 398 2092 451 emendationem
2119 399 2274 450 iuxta

61 480 310 546 modum,
364 486 425 532 ut
477 480 686 549 phrasis
737 479 938 547 ,divino
989 481 1124 532 iure‘
1178 480 1424 533 deleatur
1474 481 1528 531 in
1582 480 1821 532 secunda
1872 487 2026 551 parte
2079 486 2132 533 et
2181 480 2273 532 ad-

61 564 217 616 datur
256 563 489 631 primae,
538 580 736 631 nempe
774 568 897 632 post
943 563 1112 615 verba
1163 564 1347 633 ,ipsius
1385 563 1512 616 Iesu
1552 562 1750 614 Christi
1789 563 2010 615 Domini
2060 564 2272 616 institu-

61 646 222 699 tione‘
262 644 493 697 addatur
543 663 655 711 ,seu
704 645 824 697 iure
865 645 1094 712 divino‘3
1145 651 1200 698 et
1238 647 1393 698 iuxta
1430 646 1572 698 hunc
1610 645 1830 697 modum
1882 647 2162 715 deputatio
2203 646 2271 699 de

59 728 163 781 fide
202 728 637 780 emendationem
677 730 972 798 acceptat.“
999 728 1016 760 1
1079 729 1475 782 Emendatione
1514 729 1844 780 unanimiter
1884 728 2149 781 admissa²
2189 747 2274 781 ca-

58 829 164 864 non
203 828 268 863 ea
305 810 478 863 forma
519 816 812 881 conceptus
852 810 1003 879 est³,
1043 830 1148 880 qua
1186 818 1364 865 exstat
1403 814 1457 863 in
1485 812 1882 865 Constitutione
1911 813 2274 865 conciliariter

58 893 276 947 tandem
304 893 628 964 approbata3
671 895 784 946 eius
814 894 986 947 forma
1025 895 1142 964 ipsa
1179 896 1302 947 talis
1342 900 1439 961 est,
1480 900 1540 947 ut
1567 900 1768 965 pateat,
1809 895 1999 947 Patres
2035 896 2272 947 noluisse

58 977 263 1042 dicere,
316 978 751 1030 coniunctionem
790 978 1065 1030 Primatus
1117 996 1238 1031 cum
1277 978 1528 1031 Romana
1581 978 1708 1030 sede
1758 979 1887 1029 iuris
1929 978 2098 1030 divini
2138 996 2273 1045 esse,

58 1077 223 1130 quum
262 1061 430 1129 priori
470 1066 623 1130 parte
664 1078 922 1131 expresse
964 1062 1291 1127 enuntietur,
1331 1062 1395 1114 B.
1425 1062 1651 1114 Petrum
1692 1062 1808 1113 iure
1849 1062 2032 1114 divino
2072 1062 2128 1114 in
2155 1062 2273 1114 Pri-

55 1148 200 1195 matu
239 1160 574 1196 successores
613 1144 845 1210 habere,
888 1144 1085 1197 deinde
1126 1146 1298 1197 altera
1338 1145 1656 1214 simpliciter
1695 1144 1957 1211 addatur,
1996 1145 2273 1198 Romanos

54 1225 353 1296 Episcopos
394 1228 509 1279 eius
549 1244 666 1280 esse
705 1245 1060 1280 successores
1793 1284 1796 1286 Α

196 1309 304 1362 Sed
342 1315 549 1362 mutato
591 1327 824 1377 canone,
865 1329 1003 1363 unus
1045 1328 1115 1363 ex
1154 1311 1410 1362 Patribus
1451 1312 1614 1363 etiam
1654 1312 1853 1363 mutari
1891 1312 2064 1363 voluit
2104 1311 2275 1364 verba

33 1393 272 1462 capitis:
328 1393 550 1458 „Unde,
604 1394 911 1463 quicunque
951 1395 1006 1445 in
1046 1395 1147 1446 hac
1189 1394 1464 1446 Cathedra
1502 1394 1666 1446 Petro
1708 1394 1975 1460 succedit,
2027 1396 2071 1446 is
2121 1396 2276 1449 iuxta

55 1475 253 1529 Christi
302 1477 470 1546 ipsius
520 1477 913 1530 institutionem
966 1477 1268 1529 Primatum
1318 1477 1469 1529 Petri
1516 1477 1572 1528 in
1626 1478 1934 1529 universam
1973 1478 2274 1531 Ecclesiam

55 1559 313 1613 obtinet.“
393 1560 458 1612 Id
500 1561 863 1630 proponebat,
916 1579 1081 1630 quum
1132 1561 1198 1613 de
1251 1565 1365 1612 tota
1405 1560 1805 1613 Constitutione
1856 1561 2114 1630 suffragia
2168 1562 2273 1614 fer-

55 1648 258 1695 rentur.
316 1643 647 1710 „Praedictis
673 1644 907 1710 verbis“,
949 1644 1124 1713 inquit
1142 1643 1179 1710 4,
1227 1644 1475 1710 „videtur
1514 1662 1733 1714 prorsus
1761 1644 1972 1696 definiri
2013 1646 2273 1713 quaestiO,

56 1744 160 1796 quo
198 1728 312 1778 iure
349 1727 617 1779 Romanus
655 1727 897 1795 Pontifex
945 1727 1174 1779 succedat
1210 1729 1266 1779 in
1305 1728 1573 1793 Primam,
1626 1746 1787 1797 quam
1826 1728 2068 1779 consulto
2110 1735 2274 1780 statu-

55 1815 167 1861 tum
208 1816 288 1862 est
325 1810 583 1862 intactam
622 1811 959 1879 relinquere;
1016 1817 1070 1863 et
1120 1811 1337 1880 quidem
1390 1811 1708 1863 definiretur
1759 1811 2070 1881 adoptando
2110 1830 2274 1864 unam

57 1909 126 1945 ex
164 1892 304 1958 illis,
362 1910 499 1963 quae
540 1911 604 1945 ea
655 1893 721 1946 de
771 1913 830 1947 re
872 1900 1089 1947 exstant
1144 1895 1464 1947 sententiae.
1542 1895 1638 1947 Sat
1688 1895 1906 1963 quidem
1946 1901 2134 1947 notum
2177 1902 2272 1961 est,
2351 1919 2361 1930 ·

55 1977 348 2028 sententias
398 1977 518 2028 illas
559 1977 626 2028 ad
676 1983 786 2030 tres
826 1978 1115 2031 recenseri.
1189 1978 1374 2029 Prima
1411 1983 1590 2043 tenet,
1642 1978 1863 2029 Petrum
1919 1996 1989 2030 ex
2037 1980 2273 2031 iussione

57 2057 256 2112 Christi
304 2059 545 2112 iunxisse
586 2060 888 2112 Primatum
944 2061 1058 2113 sedi
1097 2061 1410 2125 Romanae3
1458 2060 1686 2130 proinde
1739 2060 2047 2112 Romanum
2087 2062 2274 2114 Ponti-

55 2141 210 2194 ficem
250 2142 540 2194 succedere
580 2143 745 2195 Petro
797 2145 852 2195 in
892 2144 1137 2195 Primatu
1189 2146 1300 2195 iure
1352 2144 1552 2195 divino:
1607 2149 1769 2213 atque
1819 2144 1954 2196 adeo
2005 2145 2104 2197 rite
2147 2163 2272 2198 con-

56 2225 238 2291 cludit,
278 2243 378 2278 nec
417 2228 593 2295 ipsum
632 2227 940 2280 Romanum
981 2229 1299 2280 Pontificem
1341 2245 1497 2295 posse
1538 2228 1823 2296 seiungere
1864 2229 2167 2281 Primatum
2206 2230 2272 2281 ab

56 2309 387 2379 Episcopatu
426 2310 692 2363 RomanO.
747 2313 899 2363 Haec
941 2313 1210 2364 sententia
1250 2317 1329 2363 est
1370 2311 1680 2363 Melcliioris
1720 2311 1870 2376 Cani,
1913 2312 2165 2381 Gregorii
2207 2314 2273 2365 de

57 2392 328 2459 Valentia,
368 2394 704 2463 aliorumque
743 2396 1187 2463 gravissimorum
1227 2394 1626 2462 theologorum.
1674 2394 1910 2445 Secunda
1949 2400 2115 2462 tenet,
2157 2397 2275 2448 Pri-

56 2481 258 2528 matum
312 2476 587 2529 adnexum
640 2496 756 2530 esse
813 2478 928 2531 sedi
969 2479 1249 2531 Romanae
1304 2480 1415 2529 iure
1463 2479 1810 2530 ecclesiastico:
1865 2497 2030 2548 quare
2084 2481 2274 2532 cohae-

54 2565 237 2611 renter
287 2559 587 2626 concludit,
643 2579 809 2612 unum
862 2561 928 2613 ab
981 2562 1153 2613 altera
1203 2561 1355 2612 iustis
1406 2561 1472 2612 de
1523 2561 1697 2612 causis
1749 2564 1983 2629 separari
2037 2582 2193 2633 posse
2244 2583 2275 2616 a

55 2641 276 2694 Summo
317 2642 597 2708 Pontifice‚
639 2644 729 2713 qui
770 2644 963 2696 eodem
993 2662 1096 2713 quo
1125 2645 1320 2696 Petrus
1348 2643 1571 2695 uniendi
1598 2644 1686 2695 vel
1719 2645 2043 2713 segregandi
2072 2647 2274 2714 gaudet

54 2730 339 2794 potestate.
416 2725 576 2777 Hanc
617 2735 913 2796 sequuntur
955 2727 1112 2793 Soto,
1163 2727 1364 2791 Bafiez,
1406 2727 1622 2794 aliique.
1706 2726 1877 2778 Tertia
1919 2727 2153 2797 denique
2194 2735 2276 2781 est

55 2825 257 2875 eorum,
298 2809 390 2877 qui
429 2815 635 2876 tenent,
675 2810 984 2862 Romanum
1022 2810 1344 2862 Pontificem
1384 2808 1672 2861 succedere
1712 2809 1906 2874 Petro,
1948 2812 2126 2880 quoad
2166 2813 2275 2865 Ro-

55 2908 267 2943 manam
296 2891 642 2960 Cathedram,
683 2911 752 2945 ex
793 2894 910 2944 iure
952 2894 1343 2958 ecclesiasti003
1386 2897 1439 2944 et
1480 2892 1659 2960 quoad
1686 2893 2004 2960 Primatum,
2047 2913 2115 2947 ex
2156 2897 2275 2949 iure

57 2974 254 3028 divino,
331 2976 696 3029 Posteriorem
735 2978 1118 3046 propositionis
1157 2982 1366 3046 partem
1406 2977 1482 3028 ita
1522 2981 1823 3046 exponunt,
1865 2995 2089 3047 nempe:
2143 2998 2273 3049 quo-

56 3059 197 3110 niam
249 3060 445 3111 Petrus
498 3060 613 3129 ipse
668 3061 971 3113 Primatum
1025 3060 1280 3112 divinitus
1340 3061 1389 3112 ei
1444 3060 1700 3111 collatum
1755 3078 1816 3111 ac
1874 3064 2274 3116 successoribus

55 3142 545 3207 transmittendum,
587 3143 655 3194 ad
694 3144 958 3195 unitatem
995 3143 1274 3195 Ecclesiae
1315 3148 1579 3212 perpetuo
1621 3143 1957 3210 servandam,
2003 3162 2122 3197 cum
2163 3146 2272 3198 Ro-

57 3241 214 3276 mano
252 3224 586 3294 Episcopatu
635 3227 793 3278 simul
832 3227 1024 3294 gessit,
1080 3227 1232 3295 quasi
1282 3243 1448 3277 unum
1489 3226 1644 3276 alteri
1684 3226 1759 3276 ita
1799 3227 2050 3292 inseruit,
2110 3234 2271 3298 atque

20 3305 367 3375 'inoculavit,
406 3316 466 3360 ut
505 3326 641 3360 unus
681 3309 934 3378 idemque
977 3315 1117 3361 esset
1158 3315 1211 3361 et
1247 3309 1548 3377 Episcopus
1577 3308 1854 3360 Romanus
1894 3316 1945 3361 et
1985 3312 2271 3364 universae

55 3389 332 3443 Ecclesiae
371 3392 600 3458 Primas,
644 3398 696 3444 et
734 3394 851 3462 ipsa
889 3393 1168 3445 Ecclesiae
1210 3394 1387 3444 unitas
1426 3393 1481 3442 in
1520 3392 1768 3443 Romano
1809 3393 2077 3463 Episcopo
2119 3397 2271 3464 quasi

57 3474 551 3541 personificaretur,
602 3476 832 3545 ideoque
874 3477 1260 3546 Episcopatum
1312 3475 1618 3527 Romanum
1668 3476 1978 3528 habendum
2029 3496 2145 3530 esse
2190 3497 2271 3531 so-

57 3556 167 3608 lum
217 3558 295 3608 uti
342 3558 704 3611 conditionem
757 3560 824 3612 ad
875 3561 1268 3611 successionem
1319 3560 1370 3609 in
1425 3559 1697 3612 Primatu:
1750 3560 1825 3611 ita
1874 3567 1932 3611 ut
1984 3562 2085 3613 hoc
2136 3562 2269 3632 ipso,

57 3640 199 3708 quod
240 3642 356 3709 quis
407 3643 461 3693 in
501 3642 835 3712 Episcopatu
875 3644 1037 3696 Petro
1090 3644 1355 3706 succedit,
1414 3648 1466 3694 et
1506 3643 1560 3694 in
1601 3644 1843 3695 Primatu
1885 3646 2042 3696 simul
2085 3645 2267 3699 divino

206 3824 217 3850 ¹
255 3825 454 3871 Relatio
493 3829 586 3872 etc.
658 3825 711 3873 C.
748 3826 808 3873 V.
846 3827 985 3873 364d
1023 3842 1131 3888 sqq.
1309 3827 1324 3852 ²¹
1362 3827 1489 3873 lbid.
1561 3825 1615 3872 C.
1651 3823 1711 3870 V.
1750 3825 1903 3872 3681).

203 3897 218 3924 ³
256 3898 310 3947 C.
349 3900 408 3946 V.
445 3902 537 3946 428
557 3901 604 3948 b.
781 3899 800 3925 4
835 3902 1174 3962 Exceptiones
1213 3905 1307 3948 etc.
1378 3901 1431 3948 C.
1469 3901 1529 3948 V.
1567 3900 1707 3946 435d
1748 3914 1852 3960 sqq.

149 3985 475 4021 Grandcrath‚
508 3985 666 4016 Constit.
691 3985 856 4024 dogmat.
1868 3983 1918 4020 10
