2548 4290
227 169 296 220 28
721 167 835 207 Pars
868 165 902 205 Ι.
964 163 1119 206 Const.
1156 163 1210 204 de
1244 162 1345 204 fide.
1413 160 1524 216 Cap.
1557 161 1593 202 Ι.
1648 160 1763 203 Eius
1797 162 2003 203 historia.

225 316 333 368 iam
386 315 683 367 iudicatam
735 310 1077 364 referrentur
1100 309 1135 364 1.
1213 308 1524 380 Episcopus
1557 307 1937 374 BrixinensiS,
1992 324 2163 377 quum
2204 306 2275 359 ad
2317 307 2505 361 condi·

224 402 401 454 tiones
462 399 528 452 de
584 397 937 451 conclusione
993 399 1224 465 agentes
1281 393 1659 464 pervenisset:
1726 393 2064 463 „Deputatio
2121 392 2361 460 vestra“,
2421 392 2503 446 in·

225 487 369 556 quit,
425 503 570 552 „non
608 501 721 536 una
761 483 910 549 vice,
963 481 1061 534 sed
1101 480 1353 551 repetitis
1405 479 1619 532 vicibus
1671 479 1729 531 in
1769 479 1892 532 sinu
1934 496 2221 531 consessus
2262 478 2347 530 sui
2400 478 2504 531 hac

224 570 292 623 de
334 588 391 623 re
434 570 574 639 egit,
631 574 686 622 et
738 586 956 639 semper
1010 567 1224 620 censuit
1278 565 1475 618 eadem
1516 583 1741 636 prorsus
1795 565 2137 632 constantia,
2193 564 2335 616 hanc
2377 581 2505 618 con-

222 655 524 708 clusionem
585 654 701 707 sive
754 653 865 706 tale
918 652 1187 705 monitum
1241 651 1465 704 omnino
1534 650 1906 703 necessarium
1960 666 2097 703 esse.
2187 649 2332 702 Nam
2391 667 2504 703 non

221 741 403 811 potuit
442 758 552 793 non
592 738 952 811 praevidere,
1008 742 1215 807 quanta
1256 737 1403 789 mala
1445 736 1733 789 exoritura
1774 736 1910 803 sint,
1969 736 2013 789 si
2057 736 2244 806 opinio
2286 735 2384 788 illa
2423 735 2504 787 111-

220 826 543 891 valesceret,
594 824 740 895 quod
792 823 858 876 de
902 822 1186 889 omnibuS,
1241 839 1381 891 quae
1435 838 1615 891 neque
1670 821 1726 873 in
1768 821 2042 891 capitibus
2096 838 2277 891 neque
2317 821 2375 873 in
2416 836 2505 873 ca-

220 910 456 963 nonibus
509 910 669 962 huius
724 907 1148 961 Constitutionis
1207 907 1274 959 de
1329 906 1437 959 fide
1492 906 1880 973 continentur,
1938 906 1997 958 in
2053 906 2254 959 scholis
2309 904 2503 973 libere,

219 996 329 1049 imo
370 995 651 1048 liberrime
692 999 879 1064 posset
922 993 1209 1064 disputari.
1266 992 1415 1044 Huic
1444 996 1599 1045 tanto
1642 992 1804 1057 ma10,
1848 991 1996 1062 quod
2038 1009 2102 1044 eo
2134 991 2310 1044 maius
2340 998 2502 1059 esset,

220 1100 389 1152 quum
442 1086 564 1151 post
602 1086 684 1134 tot
736 1080 959 1133 saecula
1012 1079 1236 1132 demum
1278 1078 1589 1132 Concilium
1632 1078 1970 1132 Vaticanum
2022 1083 2276 1131 secutum
2333 1077 2504 1132 fuerit

220 1168 471 1221 ultimam
510 1166 798 1237 Synodum
845 1165 1264 1231 Tridentinam,
1320 1165 1448 1216 huic
1490 1169 1643 1216 tanto
1687 1164 1831 1217 malo
1874 1164 1984 1218 alia
2024 1164 2239 1217 ratione
2282 1163 2503 1217 obviam

218 1254 297 1306 ire
341 1253 651 1306 Concilium
691 1253 1027 1305 Vaticanum
1067 1270 1178 1304 non
1219 1256 1403 1322 potest
1443 1251 1601 1304 iuxta
1642 1250 1975 1304 sententiam
2018 1250 2393 1320 deputationis
2435 1250 2503 1304 de

218 1339 342 1406 fide,
385 1357 550 1410 quam
588 1338 843 1392 addendo
875 1337 1271 1391 Constitutioni
1314 1336 1664 1407 dogmaticae
1708 1336 1775 1389 de
1814 1336 1923 1390 fide
1965 1337 2135 1389 talem
2178 1336 2502 1401 clausularr,

218 1443 315 1478 seu
354 1425 521 1478 talem
566 1425 1007 1491 conclusionem,
1066 1442 1175 1494 qua
1214 1427 1511 1476 monentur
1553 1422 1744 1475 fideles
1786 1422 1956 1475 officii
1998 1423 2081 1475 sui
2121 1423 2178 1475 in
2221 1421 2502 1476 erroribus

218 1511 471 1564 arcendis
512 1516 567 1564 et
606 1511 662 1563 in
692 1510 973 1563 erroribus
1003 1509 1371 1576 eliminandiS,
1415 1514 1469 1561 et
1503 1527 1612 1578 qua
1640 1508 2011 1562 admonentur
2041 1509 2307 1579 magistri,
2351 1507 2501 1579 quod

218 1615 328 1650 non
370 1596 572 1649 sufficit
613 1596 846 1667 probato
900 1596 1170 1649 catholico
1214 1594 1559 1648 solummodo
1603 1612 1669 1647 ea
1709 1595 1915 1661 vitare,
1968 1613 2109 1666 quae
2161 1595 2228 1647 de
2270 1594 2379 1648 fide
2420 1595 2500 1648 vi·

216 1681 384 1734 tanda
438 1687 592 1749 sunt,
654 1681 753 1734 sed
795 1682 961 1733 etiam
1004 1699 1096 1750 ea,
1151 1698 1292 1751 quae
1345 1697 1447 1751 per
1500 1679 1724 1733 decreta
1766 1679 1926 1733 Sedis
1967 1681 2329 1752 Apostolicae
2372 1698 2500 1733 sun:

218 1766 460 1821 definita.
502 1798 573 1806 ——
614 1767 764 1837 Ergo
808 1767 875 1820 de
932 1766 1262 1820 necessitate
1315 1766 1477 1819 huius
1532 1766 1903 1819 conclusionis
1944 1784 2013 1819 116
2056 1772 2337 1820 momento
2382 1766 2500 1837 qui--

219 1852 345 1905 dem
385 1854 651 1923 temporis
694 1854 750 1905 in
780 1869 1042 1906 consessu
1084 1852 1459 1923 deputationis
1485 1857 1704 1905 vestrae
1749 1851 1816 1904 de
1846 1852 1955 1905 fide
1990 1851 2333 1924 disputatum
2361 1851 2495 1905 fuit·

218 1939 285 1991 de
336 1939 458 1992 loco
514 1944 568 1992 et
622 1939 688 1992 de
746 1944 996 2009 tempore
1049 1939 1241 2009 utique
1294 1938 1703 2009 aliquantulum
1745 1938 1957 2005 haesit,
2011 1938 2108 1991 sed
2149 1937 2488 1992 solummodc

216 2024 380 2078 unica
424 2025 573 2078 vice:
629 2031 683 2079 et
723 2025 893 2077 Rffius
934 2024 1172 2092 relator,
1219 2025 1312 2094 qui
1353 2024 1550 2077 ultima
1589 2024 1711 2077 vice
1754 2023 1937 2077 officio
1980 2025 2236 2078 relatoris
2278 2042 2350 2078 ex
2392 2024 2491 2078 hoc

215 2110 450 2164 ambone
491 2110 713 2164 functus
749 2116 845 2179 est,
889 2111 1133 2164 rationes
1161 2110 1334 2178 vobis,
1376 2109 1500 2162 Rffii
1537 2110 1752 2177 PatreS,
1795 2110 2038 2180 ingenue
2081 2111 2357 2182 exposuit,
2399 2127 2492 2164 cur

215 2195 500 2267 deputatio
545 2197 612 2250 de
654 2197 761 2250 fide
796 2202 1038 2263 censeat,
1080 2197 1241 2249 istam
1284 2196 1698 2249 conclusionem
1739 2196 1843 2248 hoc
1884 2196 2005 2249 loco
2048 2214 2166 2250 esse
2208 2196 2494 2266 publican-

216 2280 359 2334 dam.
438 2281 811 2353 Caeteroquin
854 2299 952 2352 per
993 2299 1050 2334 se
1092 2286 1262 2352 patet,
1303 2280 1452 2351 quod
1493 2280 1675 2352 quoad
1715 2281 1963 2334 valorem
2007 2280 2399 2352 dogmaticum,
2440 2282 2496 2336 id

214 2372 298 2420 est
338 2367 520 2438 quoad
561 2385 848 2421 censuram
891 2367 1181 2435 adiectam,
1223 2367 1361 2419 nihil
1402 2367 1725 2420 immutatur
1765 2367 1822 2419 in
1865 2366 2103 2421 decretis
2146 2367 2307 2421 Sedis
2342 2368 2496 2439 Apo-

215 2453 469 2521 stolicae,
529 2454 744 2506 etiamsi
786 2453 1064 2507 conclusio
1108 2454 1213 2506 ista
1253 2470 1353 2523 per
1396 2452 1708 2506 Concilium
1751 2452 2088 2506 Vaticanum
2130 2453 2399 2524 probetur
2441 2460 2495 2508 et

214 2538 539 2607 publicetur.
618 2539 793 2592 Valor
835 2539 1183 2609 dogmaticus
1234 2557 1332 2592 seu
1374 2556 1607 2591 censura
1649 2538 1866 2591 adiecta
1918 2557 2143 2610 prorsus
2199 2540 2397 2593 eadem
2438 2545 2494 2593 et

214 2624 503 2677 immutata
545 2633 759 2692 manet,
814 2624 990 2695 qualis
1032 2625 1137 2677 fuit
1178 2629 1307 2677 ante
1350 2624 1789 2695 publicationem
1831 2630 1885 2677 et
1927 2625 2215 2678 decretum
2259 2625 2496 2679 Concilii

213 2709 490 2763 Vaticani.
568 2710 841 2776 Proinde,
895 2711 1021 2763 Rffii
1063 2712 1286 2778 PatreS,
1330 2710 1561 2764 obsecro
1604 2716 1660 2763 et
1702 2710 1948 2764 obtestor
1990 2729 2209 2777 omneS,
2263 2717 2325 2764 ut
2365 2711 2494 2765 huic

215 2796 381 2849 etiam
425 2796 764 2850 conclusioni
807 2797 1081 2849 calculum
1124 2815 1301 2863 suum,
1343 2797 1536 2867 utique
1579 2796 1784 2858 album,
1827 2795 2190 2850 adiiciant.“²

361 2880 667 2953 Deputatio
711 2882 778 2935 de
819 2882 927 2935 fide
971 2882 1225 2953 sequenti
1273 2882 1361 2935 die
1402 2881 1798 2935 Constitutioni
1840 2883 2090 2935 ultimam
2134 2900 2359 2935 manum
2399 2881 2495 2935 ad-

212 2967 400 3034 movit,
439 2967 533 3034 ita,
574 2973 635 3019 ut
668 2968 882 3020 ratione
912 2967 1142 3020 ultimae
1170 2967 1575 3020 emendationis
1606 2965 1834 3020 habita3
1875 2968 2044 3021 etiam
2076 2967 2493 3021 conclusionem

214 3057 471 3104 mutaret.
526 3052 649 3113 Qua
689 3054 997 3106 mutatione
1024 3052 1229 3106 Christi
1268 3053 1518 3106 fidelium
1558 3054 1616 3106 in
1657 3053 1938 3107 erroribus
1980 3053 2332 3107 eliminandis
2375 3052 2494 3106 offi-

214 3137 359 3189 cium
399 3136 467 3189 ab
510 3156 717 3205 eorum,
761 3139 855 3209 qui
898 3138 1131 3191 docendi
1160 3157 1389 3192 munere
1432 3139 1758 3210 funguntur,
1802 3139 1984 3192 officio
2014 3139 2191 3209 magis
2219 3139 2491 3193 distinxit.

214 3220 397 3283 Quum
438 3228 601 3275 antea
642 3224 908 3293 scriptum
951 3230 1124 3276 esset:
1173 3266 1217 3291 „.
1264 3266 1275 3277 .
1320 3265 1332 3278 .
1375 3242 1567 3277 omnes
1598 3224 1803 3278 Christi
1830 3223 2042 3291 fideleS,
2084 3225 2328 3277 maxime
2358 3242 2489 3277 vero

213 3324 333 3375 eOS,
387 3308 480 3377 qui
533 3313 798 3378 praesunt
850 3309 940 3361 vel
995 3309 1231 3362 docendi
1273 3328 1503 3363 munere
1558 3309 1900 3381 funguntur,
1956 3327 2055 3380 per
2107 3310 2321 3363 viscera
2361 3309 2490 3363 Iesu

214 3390 418 3444 Christi
461 3391 829 3459 obtestamur,
885 3411 1100 3447 necnon
1143 3394 1392 3448 eiusdem
1433 3395 1543 3448 Dei
1585 3401 1640 3448 et
1681 3394 1984 3448 Salvatoris
2037 3395 2211 3447 nostri
2253 3395 2490 3448 auctori-

212 3482 324 3530 tate
365 3477 648 3545 iubemus,
700 3483 761 3530 ut
801 3477 872 3531 ad
913 3479 1011 3531 hos
1053 3497 1268 3532 errores
1311 3498 1341 3532 a
1384 3478 1437 3532 S.
1480 3480 1735 3534 Ecclesia
1776 3480 2144 3533 eliminandos
2189 3521 2200 3532 .
2245 3522 2255 3533 .
2301 3524 2312 3535 .
2359 3497 2491 3551 ope-

212 3580 326 3614 ram
369 3563 711 3630 conferant“,
751 3563 860 3616 iam
903 3563 1275 3617 scribebatur:
1324 3608 1369 3632 „.
1415 3609 1423 3619 .
1471 3609 1481 3619 .
1525 3583 1716 3619 omnes
1760 3565 1964 3619 Christi
2005 3565 2198 3619 fideles
2240 3584 2339 3637 per
2379 3566 2485 3618 vis-

213 3663 339 3700 cera
366 3647 495 3701 Iesu
524 3648 727 3702 Christi
756 3648 1113 3717 obtestamur,
1158 3651 1236 3702 eis
1266 3668 1417 3718 vero,
1460 3651 1553 3722 qui
1582 3655 1848 3721 praesunt
1872 3651 1961 3705 vel
1992 3650 2225 3705 docendi
2256 3669 2486 3704 munere

210 3731 544 3802 funguntur,
600 3734 848 3788 eiusdem
889 3734 998 3787 Dei
1041 3740 1095 3787 et
1138 3734 1439 3788 Salvatoris
1481 3737 1652 3789 nostri
1704 3736 2033 3790 auctoritate
2087 3737 2369 3804 iubenmS,
2427 3743 2488 3789 ut

360 3916 375 3944 ²
412 3917 493 3965 Ex
530 3919 656 3966 actis
696 3923 792 3968 etc.
863 3919 918 3968 C.
956 3920 1019 3969 V.
1062 3922 1185 3968 1676
1208 3937 1248 3969 c.
1433 3919 1450 3949 ²
1488 3921 1690 3970 Relatio
1731 3925 1826 3971 etc.
1901 3922 1958 3972 C.
1996 3922 2059 3972 V.
2098 3921 2244 3970 ‘244d
2283 3936 2394 3985 sqq.

360 3992 377 4021 3
416 3993 493 4043 Cf.
531 3996 610 4042 Ex
647 3997 775 4045 actis
814 4001 909 4045 etc.
982 3996 1039 4045 C.
1077 3998 1139 4046 V.
1176 3999 1307 4046 {676
1325 4014 1365 4046 0.
