2548 4290
223 120 290 171 76
424 121 538 162 Pars
570 121 604 161 Ι.
665 119 820 162 Const.
856 120 910 161 de
942 119 1044 161 fide.
1111 118 1221 175 Cap.
1254 121 1336 161 ΙΙΙ.
1392 120 1501 174 Ipsa
1535 119 1731 163 Constit.
1765 134 1869 164 cum
1902 121 2294 165 adnotationibus.

220 264 360 318 didit
388 270 714 332 creaturam,
759 266 1105 337 spiritualem
1146 271 1201 319 et
1229 267 1593 335 corporalem,
1622 268 1939 338 angelicam
1966 268 2229 324 videlicet
2257 276 2313 325 et
2340 288 2496 324 mun-

220 348 448 416 danam,
500 367 562 402 ac
604 348 806 403 deinde
848 351 1147 404 humanam
1201 351 1357 422 quasi
1400 369 1749 406 communem
1804 371 1876 406 ex
1926 353 2124 424 spiritu
2165 360 2222 409 et
2264 373 2496 427 corpore

220 435 573 487 constitutam
601 434 667 503 a).

369 517 468 588 [3.]
510 518 787 573 Universa
837 539 987 588 vei-0,
1041 540 1181 593 quae
1224 521 1497 589 condidit,
1549 521 1703 575 Deus
1757 525 2111 595 providentia
2161 544 2260 579 sua
2310 531 2498 580 tuetur

220 609 386 675 atque
428 605 723 676 gubernat,
765 607 1045 677 attingens
1087 626 1119 660 a
1161 608 1270 661 fine
1307 625 1482 678 usque
1523 606 1594 659 ad
1623 607 1791 662 finem
1821 610 2057 680 fortiter,
2101 615 2156 665 et
2198 611 2498 683 disponens

218 690 404 743 omnia
454 691 697 744 suaviter
722 691 791 757 b).
873 690 1074 745 Omnia
1124 693 1273 746 enim
1325 691 1474 745 nuda
1527 698 1582 745 et
1633 699 1828 764 aperta
1879 701 2007 749 sunt
2058 697 2230 750 oculis
2287 697 2404 750 eius
2430 697 2497 767 0),

218 791 285 827 ea
327 775 513 842 etiam,
556 794 698 845 quae
739 776 916 829 libera
957 782 1340 830 creaturarum
1381 777 1600 830 actione
1644 777 1832 833 futura
1872 781 2056 834 sunt¹.

365 932 414 993 a)
454 933 609 983 Conc.
644 934 816 983 Later.
855 935 945 982 [V.
985 951 1026 983 c.
1071 937 1112 985 1.
1164 935 1421 985 Firmiter.
1472 936 1655 997 (Hard.
1694 937 1822 987 Coll.
1862 938 2018 988 Oonc.
2055 940 2177 1002 VII,
2221 939 2316 999 15.)

366 1010 418 1069 b)
458 1011 573 1074 Sap.
613 1015 655 1071 7,
698 1016 736 1061 1.
919 1013 965 1071 c)
1006 1013 1083 1061 Of.
1122 1014 1282 1063 Hebr.
1321 1016 1366 1075 4,
1412 1017 1485 1064 13.

218 1144 513 1202 opponatur
549 1141 847 1190 necessitati
885 1142 946 1188 ab
986 1141 1165 1188 iisdem
1206 1140 1615 1204 propugnatae“.
1666 1142 1818 1203 (Ibid.
1880 1143 1934 1191 C.
1973 1143 2036 1192 V.
2074 1143 2254 1203 520b.)
2303 1144 2365 1191 In
2403 1144 2502 1192 dis-

220 1218 459 1266 cussione
499 1219 775 1267 schematis
823 1220 883 1267 de
934 1220 1173 1267 doctrina
1211 1220 1468 1268 catholica
1506 1221 1861 1284 vituperatum
1910 1226 1989 1270 est
2039 1222 2168 1269 illud
2225 1222 2399 1284 „simul
2435 1223 2499 1271 ab

219 1295 366 1343 initio
412 1294 709 1358 temporis“.
782 1296 1173 1354 Quaerebatur:
1229 1297 1372 1359 „Quo
1409 1298 1524 1347 iure
1561 1300 1841 1361 asseritur,
1895 1299 2128 1361 Angelos
2178 1302 2230 1349 et
2266 1300 2500 1349 homines

222 1373 372 1421 simul
420 1390 533 1422 esse
585 1372 857 1423 creatos?“
935 1374 1217 1424 Oonsultor
1254 1376 1554 1438 Franzelin,
1605 1393 1764 1440 quum
1810 1377 2020 1425 schema
2067 1378 2120 1425 in
2157 1378 2387 1426 sessione
2425 1393 2501 1426 se-

220 1452 389 1499 cunda
429 1452 781 1515 deputationis
831 1454 1114 1516 explicaret
1162 1453 1248 1513 (cf.
1300 1454 1379 1501 Ex
1429 1455 1558 1503 actis
1608 1460 1703 1503 etc.
1766 1454 1822 1504 O.
1861 1456 1924 1504 V.
1966 1455 2155 1504 1647d.
2227 1455 2291 1504 V.
2340 1470 2500 1519 supra

219 1545 331 1591 cap.
369 1531 410 1578 Ι.
463 1547 510 1593 p.
554 1530 658 1590 15):
723 1532 814 1592 „Id
867 1533 1039 1581 verbis
1092 1532 1483 1591 (Lateranensis
1522 1532 1665 1595 IV.),
1722 1549 1855 1597 quae
1907 1534 2224 1595 transcripta
2275 1538 2396 1582 sunt
2446 1534 2499 1582 in

219 1608 527 1668 schemate,“
569 1610 765 1672 inquit,
818 1626 950 1671 „non
998 1611 1163 1659 solum
1212 1627 1317 1658 non
1365 1612 1646 1673 asseritur,
1697 1613 1786 1660 sed
1826 1612 1963 1660 clare
2000 1611 2260 1660 indicatur
2296 1615 2501 1660 contra-

220 1686 369 1747 rium,
409 1686 530 1734 dum
570 1687 783 1748 dicitur,
840 1688 1010 1749 ,simul
1047 1689 1111 1736 ab
1149 1689 1296 1736 initio
1335 1690 1582 1752 temporis
1620 1690 1883 1738 conditam
1921 1705 2032 1738 esse
2069 1693 2363 1739 creaturam
2401 1690 2502 1752 spi-

219 1763 461 1812 ritualem
501 1768 552 1813 et
590 1766 939 1828 corporalem,
992 1766 1281 1829 angelicam
1319 1767 1560 1816 videlicet
1598 1772 1648 1815 et
1684 1768 2000 1816 mundanam
2038 1767 2273 1832 (angelos
2310 1771 2361 1816 et
2398 1783 2501 1815 ma-

218 1842 434 1924 teriam³
481 1858 572 1891 seu
611 1844 749 1906 quod
787 1844 976 1892 dicitur
1014 1849 1153 1892 terra
1189 1844 1356 1892 inanis
1406 1849 1457 1893 et
1494 1861 1661 1893 vacua
1686 1845 1828 1912 Gen.
1872 1848 1913 1906 1,
1952 1848 2014 1908 23
2063 1845 2283 1894 materia
2318 1845 2500 1904 invisa,

221 1912 439 1981 ἄμορφος
478 1914 562 1981 ὕλη
600 1921 716 1984 Sap.
748 1923 825 1983 11,
868 1921 966 1984 18),
1007 1939 1064 1969 ac
1102 1924 1276 1970 deinde
1311 1922 1614 1971 hamtunam!
1650 1950 1711 1956 —
1751 1922 1995 1972 Ceterum
2027 1924 2068 1971 1.
2106 1938 2211 1971 non
2247 1927 2325 1971 est
2361 1924 2501 1986 apud

221 2015 399 2047 omnes
436 2001 565 2049 adeo
605 2006 822 2064 certum,
859 2002 911 2049 in
937 2002 1282 2050 Lateranensi
1308 2002 1618 2065 particulam
1644 2004 1792 2051 simul
1818 2002 2108 2066 exprimere
2135 2003 2499 2051 simultaneun.

217 2080 492 2141 temporis3
541 2085 716 2143 potest
754 2080 887 2128 enim
926 2080 1219 2143 significare
1256 2081 1533 2143 paritatem
1572 2082 1866 2143 creationis,
1905 2086 1963 2129 ut
2002 2081 2200 2129 Eccles.
2246 2083 2321 2143 18,
2364 2082 2387 2127 1
2429 2079 2502 2128 di·-

222 2158 382 2206 citur:
432 2159 592 2220 ,Deus
630 2160 826 2208 creavit
865 2162 1038 2208 omnia
1071 2160 1237 2221 simul,
1276 2157 1432 2219 κοινῇι
1471 2160 1541 2219 (S.
1581 2160 1763 2208 Thom.
1800 2160 1854 2207 in
1890 2161 1931 2208 Ι.
1969 2159 2323 2221 Decretalem,
2372 2158 2501 2206 Vas--

222 2253 351 2299 quez
394 2240 434 2286 1.
483 2238 540 2287 P.
579 2239 707 2302 disp.
748 2241 859 2287 224.
910 2255 950 2287 c.
989 2241 1054 2295 4).
1127 2239 1408 2287 Praeterea
1447 2240 1491 2284 52.
1541 2239 1744 2286 etiamsi
1794 2239 2079 2301 accipiatur
2114 2253 2206 2300 pro
2245 2237 2494 2300 particula

221 2318 485 2380 temporis,
524 2322 721 2366 certum
762 2324 935 2366 tamen
974 2322 1068 2379 est,
1105 2318 1156 2365 in
1196 2318 1288 2365 tali
1316 2317 1572 2380 particula
1598 2318 1860 2366 incidente
1897 2333 1999 2365 non
2037 2316 2291 2365 contineri
2328 2315 2496 2364 defini-

221 2396 413 2444 tionem
440 2397 761 2460 quaestionis
789 2396 851 2444 de
878 2400 1128 2458 tempore,
1168 2410 1271 2458 quo
1302 2396 1500 2444 fuerint
1524 2395 1713 2458 Angeli
1750 2396 1913 2444 creati
1950 2394 2022 2456 (S.
2050 2395 2231 2443 Thom.
2262 2396 2304 2441 1.
2345 2410 2391 2457 q.
2422 2395 2497 2442 61.

222 2490 266 2522 a.
307 2477 379 2535 3.3
431 2475 492 2523 de
529 2478 725 2537 potent.
767 2490 813 2537 q.
852 2477 896 2522 3.
951 2490 996 2522 a.
1039 2476 1144 2534 18.3
1194 2475 1438 2522 Valentia
1481 2476 1520 2522 1.
1571 2474 1627 2522 P.
1668 2475 1796 2536 disp.
1835 2474 1926 2522 IV.
1967 2490 2014 2537 q.
2059 2475 2133 2522 12.
2170 2477 2347 2536 punct.
2384 2470 2498 2533 2.)st

222 2551 551 2615 (Disquisitio
591 2558 689 2601 etc.
763 2551 819 2602 O.
856 2552 918 2601 V.
962 2550 1174 2611 162511.)

356 2632 493 2679 Illud
534 2628 744 2692 „simul“'
788 2636 929 2678 certe
977 2631 1074 2678 hoc
1111 2631 1225 2678 loco
1265 2631 1626 2693 explicandum
1677 2636 1779 2689 est,
1836 2633 1895 2677 ut
1931 2631 1984 2678 in
2020 2627 2251 2677 Concilio
2291 2629 2501 2677 Latera-

221 2710 368 2757 nensi
405 2710 498 2758 IV.
569 2710 650 2758 Ibi
697 2709 926 2771 theologi
973 2709 1101 2756 illud
1150 2709 1443 2771 intelligere
1494 2709 1664 2757 solent
1717 2712 1965 2771 tanquam
2013 2707 2324 2771 particulam
2374 2711 2502 2755 tem-

222 2789 379 2851 poriS,
417 2789 491 2837 ita
517 2792 707 2851 tamen,
747 2796 805 2837 ut
841 2793 1051 2850 negent,
1091 2789 1308 2849 definiri,
1346 2788 1575 2852 Angelos
1614 2793 1665 2837 et
1700 2789 1949 2837 mundum
1975 2803 2283 2851 corporeum
2321 2788 2502 2836 eodem

224 2871 459 2930 tempore
496 2871 699 2916 creatos
737 2883 864 2915 esse.
937 2867 1076 2915 Illud
1116 2865 1329 2929 „simul“
1384 2868 1553 2917 obiter
1589 2867 1672 2915 vel
1709 2867 1999 2915 incidenter
2037 2866 2173 2914 addi.
2235 2864 2312 2914 Of.
2354 2865 2502 2914 Caiet.

223 2945 275 2992 in
315 2945 362 2993 S.
402 2946 630 2994 Thomae
667 2945 723 2994 P.
763 2945 804 2994 I.
845 2962 891 3008 q.
930 2947 1009 2993 61.
1047 2962 1093 2994 a.
1131 2948 1176 2994 3.
1246 2944 1319 2993 M.
1360 2944 1541 3006 Camcs,
1581 2946 1657 2994 De
1695 2945 1821 2994 locis
1859 2945 1891 2993 l.
1930 2949 1975 2993 4.
2014 2960 2125 3007 cap.
2164 2945 2209 2992 5.
2259 2943 2407 3007 Grey.
2446 2944 2505 2992 cle

233 3023 341 3071 Val.
379 3024 435 3072 P.
474 3024 514 3072 I.
551 3024 694 3087 Disp.
737 3024 811 3072 12.
848 3041 895 3087 p.
935 3026 979 3073 2.
1051 3023 1218 3084 Sama,
1255 3025 1333 3073 De
1369 3024 1585 3086 Angelis
1623 3024 1654 3072 l.
1693 3024 1762 3072 II.
1802 3039 1913 3086 cap.
1952 3025 1996 3071 3.
2034 3039 2083 3071 n.
2122 3024 2150 3069 6
2189 3037 2301 3085 sqq.

357 3102 373 3128 ¹
412 3102 606 3150 Ultima
642 3102 1002 3164 paragraphus
1051 3117 1155 3150 non
1204 3102 1305 3150 iam
1354 3106 1467 3149 erat
1514 3102 1566 3149 in
1615 3102 1877 3150 schemate
1926 3100 2171 3148 Patribus
2219 3098 2503 3162 proposito.

224 3180 325 3242 (Of.
364 3179 421 3228 O.
460 3180 521 3228 V.
562 3182 623 3227 72
643 3179 709 3239 a.)
782 3180 842 3227 In
882 3180 1048 3242 prima
1085 3184 1257 3228 autem
1300 3180 1577 3228 schematis
1614 3179 1970 3242 paragrapho,
2009 3177 2099 3227 ubi
2135 3178 2198 3226 de
2235 3175 2504 3225 attributis

224 3258 410 3307 divinis
447 3273 614 3305 sermo
653 3261 781 3317 erat,
824 3258 966 3305 Deus
1005 3258 1159 3306 etiam
1201 3255 1655 3320 „providissinius“
1696 3256 2099 3319 praedicabatur
2137 3254 2216 3316 (O.
2254 3254 2317 3303 V.
2356 3256 2412 3302 71
2433 3252 2503 3315 d),

224 3352 326 3399 quo
362 3337 521 3385 verbo
558 3335 801 3397 Archiep.
829 3334 995 3382 Simor
1035 3335 1224 3383 deistas
1261 3335 1405 3383 feriri
1445 3336 1583 3383 dicit.
1633 3334 1860 3395 (Relatio
1900 3337 1997 3381 etc.
2048 3332 2102 3381 O.
2129 3333 2192 3381 V.
2220 3334 2281 3380 85
2303 3330 2371 3391 d.)
2421 3330 2505 3379 Ad

224 3430 336 3463 eam
372 3429 551 3462 vocem
600 3429 734 3461 unus
772 3428 835 3460 ex
871 3413 1116 3461 Patribus
1154 3413 1450 3476 proposuit,
1501 3418 1559 3461 ut
1607 3429 1667 3461 ea
1703 3412 1893 3460 omissa
1941 3412 2097 3460 tertia
2145 3410 2504 3474 paragraphus

225 3493 288 3540 de
339 3490 667 3553 providentia
714 3493 765 3538 et
813 3491 1159 3552 praescientia
1195 3491 1290 3538 Dei
1344 3491 1642 3539 adderetur.
1714 3489 2140 3549 (Emendationes
2180 3492 2275 3537 etc.
2347 3487 2403 3536 C.
2439 3486 2503 3535 V.

225 3569 336 3617 aad
375 3567 474 3631 sq.)
522 3568 583 3615 Ei
620 3569 1004 3616 assentiebatur
1043 3568 1312 3630 deputatio
1352 3567 1429 3627 (O.
1468 3568 1529 3616 V.
1572 3569 1694 3614 1671
1719 3565 1799 3627 o),
1836 3566 2001 3628 primo
2039 3567 2261 3629 quidem,
2300 3569 2359 3614 ut
2393 3565 2506 3613 Bri-

224 3648 454 3695 xinensis
491 3647 686 3694 relator
724 3646 963 3708 exponit,
1007 3647 1128 3708 quia
1164 3662 1265 3694 vox
1309 3642 1782 3709 „providissimum“
1836 3649 2018 3706 postea
2055 3645 2259 3693 demum
2295 3644 2395 3692 fuit
2430 3644 2506 3691 in-

226 3726 469 3774 troducta
507 3729 558 3773 et
594 3726 772 3773 turbat
797 3724 1180 3787 aliquantulum
1208 3725 1389 3772 seriem
1419 3724 1824 3783 sententiarum,
1864 3723 2048 3771 deinde
2075 3723 2503 3783 emendationem,

227 3819 330 3867 qua
377 3802 597 3850 offertur
649 3802 908 3850 sententia
946 3801 1008 3848 de
1056 3802 1383 3863 providentia
1436 3805 1487 3849 et
1538 3800 1883 3864 praescientia
1918 3800 2042 3861 Dei,
2094 3800 2362 3863 deputatio
2411 3813 2502 3860 „ea

226 3882 383 3929 etiam
420 3895 486 3927 ex
522 3895 679 3927 causa
716 3879 1087 3927 admittendam
1127 3894 1238 3926 esse
1276 3879 1493 3939 censuit,
1534 3878 1655 3941 quia
1690 3892 1871 3940 reapse
1909 3877 2086 3925 multis
2122 3877 2175 3925 in
2201 3877 2328 3925 locis
2363 3876 2503 3924 vide·

228 3962 312 4007 tur
352 3957 578 4005 dubitari
617 3956 771 4004 etiam
810 3971 840 4002 a
876 3956 1148 4018 theologis,
1187 3960 1361 4004 utrum
1398 3956 1539 4003 Deus
1577 3970 1760 4017 reapse
1797 3956 2054 4017 praesciat
2090 3955 2270 4003 futura
2306 3954 2503 4003 contin-
