2548 4290
207 148 314 201 208
381 149 497 191 Pars
529 149 589 191 11.
640 147 795 191 Const.
831 147 886 189 de
915 147 1041 190 Eccl.
1092 146 1203 202 Cap.
1239 147 1299 189 11.
1349 145 1769 190 Commentationes
1803 147 1859 190 de
1889 149 2126 203 aliquibus
2157 150 2287 192 locis.

209 295 483 349 Pontifice
537 294 913 364 profitendum
969 299 1079 361 est,
1136 297 1304 364 atque
1357 292 1414 346 id
1469 310 1677 363 negare
1728 292 2075 348 haereticum
2129 300 2228 349 est.
2306 295 2483 353 Porro

206 382 406 435 scimus
460 380 708 442 aliunde,
760 379 1070 433 Ecclesiam
1121 378 1474 432 infallibilem
1516 380 1681 433 etiam
1724 398 1844 434 esse
1883 380 1941 433 in
1982 380 2049 433 iis
2087 382 2482 452 proponendis,

206 483 366 537 quae,
408 465 540 518 licet
578 465 827 518 revelata
867 482 978 518 non
1017 466 1141 531 sint,
1183 468 1372 517 tamen
1412 463 1483 517 ad
1525 463 1832 518 doctrinam
1868 464 2173 519 revelatam
2202 466 2483 537 tuendam,

207 550 617 622 explicandam,
659 550 1023 604 evolvendam
1067 550 1276 619 exponi
1319 549 1552 615 debent3
1607 550 1756 621 quod
1798 551 2051 622 quidem,
2091 551 2223 605 licet
2264 570 2375 605 non
2414 553 2484 607 sit

208 636 424 700 veritas,
466 653 608 706 quae
650 634 981 689 certitudine
1022 640 1226 705 aequet
1266 635 1531 688 veritates
1567 653 1829 707 suprema
1854 636 2185 690 auctoritate
2226 637 2484 692 ecclesia-

206 722 343 774 stica
385 721 640 774 definitas
692 739 755 774 ac
807 721 915 773 fide
969 721 1244 773 catholica
1286 720 1627 788 credendas,
1688 739 1823 793 quas
1875 740 2084 792 negare
2139 722 2483 778 haereticum

207 811 315 873 est,
370 806 517 860 inter
555 807 820 860 veritates
872 814 1059 860 tamen
1102 806 1437 859 certissimas
1488 806 1688 860 referri
1731 806 1930 875 debet,
1990 808 2057 860 de
2101 807 2301 877 quibus
2340 808 2485 862 inter

206 892 498 963 theologos
539 892 693 945 nulla
743 897 928 945 exstat
977 893 1368 946 controversia.
1441 891 1654 946 Eadem
1712 898 1901 946 autem
1958 893 2322 964 certitudine,
2377 911 2485 965 qua

206 978 347 1030 hanc
388 978 684 1031 veritatem
725 977 1085 1044 admittimus,
1127 977 1181 1030 vi
1226 976 1649 1031 Constitutionis
1675 978 1936 1031 Vaticani
1978 978 2275 1032 admittere
2318 978 2484 1032 etiam

207 1063 502 1131 debemus,
563 1065 852 1118 Summum
893 1064 1223 1117 Pontificem
1274 1064 1331 1116 in
1385 1064 1506 1117 aliis
1557 1064 1667 1117 illis
1708 1065 2036 1118 veritatibus
2089 1063 2483 1136 proponendi:³,

205 1167 346 1220 quae
403 1149 684 1203 revelatae
741 1168 852 1220 non
908 1156 1067 1219 sunt,
1123 1148 1475 1202 infallibilem
1527 1167 1664 1203 esse.
1754 1149 1823 1203 Id
1874 1168 2084 1221 negare
2140 1150 2485 1204 haereticum

205 1253 315 1288 non
356 1242 464 1302 est;
507 1236 605 1289 sed
644 1235 942 1305 affirmare,
983 1235 1291 1289 Ecclesiam
1331 1236 1389 1288 in
1429 1236 1494 1288 iis
1535 1235 1913 1306 proponendis
1951 1236 2306 1290 infallibilem
2347 1253 2483 1304 esse,

205 1338 315 1373 non
361 1321 494 1375 item
536 1321 823 1375 Summum
865 1321 1222 1388 Pontificem,
1275 1321 1330 1374 id
1384 1339 1514 1374 sane
1557 1323 1766 1375 crimen
1817 1322 2063 1376 haeresis
2106 1322 2483 1376 constitueret..

354 1406 443 1459 Ex
484 1408 575 1474 iis,
619 1426 759 1478 quae
802 1408 1188 1477 exposuimuS,
1232 1413 1402 1479 patet,
1445 1407 1756 1462 Concilium
1799 1407 2134 1463 Vaticanum
2175 1407 2314 1461 nihil
2354 1407 2484 1461 novi

207 1493 274 1546 de
315 1494 496 1547 obiecto
536 1494 951 1548 infallibilitatis
1006 1493 1288 1561 docuisse,
1338 1493 1437 1547 sed
1488 1494 1556 1548 de
1608 1495 1725 1548 solo
1780 1495 1897 1548 eius
1947 1495 2164 1548 subiecto
2206 1494 2385 1564 egisse
2428 1497 2483 1546 et

206 1580 488 1648 docuisse,
541 1580 1027 1648 infallibilitatem,
1080 1598 1245 1651 quam
1286 1581 1573 1635 Ecclesiae
1617 1581 1935 1651 magisterio
1976 1581 2313 1647 tribuamuS,
2354 1597 2482 1633 ean·

205 1666 331 1720 dem
384 1667 551 1720 etiam
603 1668 830 1720 Summo
871 1667 1131 1720 Pontifici
1182 1667 1538 1720 tribuendam
1590 1686 1727 1721 esse.
1806 1667 1990 1728 Quare
2041 1685 2153 1720 non
2203 1670 2353 1719 recte
2395 1664 2482 1718 Io·

205 1771 375 1806 annes
415 1753 481 1808 B.
524 1753 793 1820 Andries,
846 1759 1190 1820 ostensuruS,
1235 1754 1448 1807 Summi
1488 1754 1776 1807 Pontificis
1816 1753 2274 1807 infallibilitatem
2317 1752 2483 1806 etiam

203 1838 272 1891 ad
315 1856 380 1891 ea
421 1839 668 1906 extendi,
713 1857 853 1909 quac
896 1840 1016 1909 ipsa
1055 1839 1304 1892 revelata
1344 1858 1455 1892 non
1496 1847 1640 1907 sunt,
1683 1858 1755 1892 ex
1796 1839 2020 1893 decreto
2063 1838 2298 1892 Concilii
2328 1837 2484 1891 Vati·-

204 1926 325 1977 cani
368 1932 697 1996 argumenta
736 1925 931 1995 petit¹.
998 1925 1254 1977 Vidimus
1298 1925 1575 1993 historice,
1620 1925 1929 1979 Concilium
1969 1925 2026 1978 id
2069 1925 2359 1978 enuntiare
2398 1940 2486 1977 no·-

203 2011 374 2064 chisse.
453 2011 653 2082 Neque
705 2011 761 2063 id
802 2012 1128 2065 enuntiavit.
1208 2012 1272 2063 In
1315 2012 1551 2065 formula
1598 2011 1882 2079 „doctrina
1935 2011 2002 2065 de
2043 2011 2152 2064 fide
2192 2011 2282 2065 vel
2323 2009 2475 2063 mori·

207 2096 338 2149 bus“
387 2116 497 2149 vox
539 2097 668 2150 fidei
711 2117 822 2150 non
863 2098 1028 2151 fidem
1070 2098 1386 2164 obe'ectc‘mm,
1443 2116 1516 2152 sc.
1559 2098 1865 2151 doctrinam
1907 2098 2228 2163 revelatam,
2270 2101 2330 2149 ut
2369 2093 2478 2150 An·

207 2182 351 2236 dries
393 2188 582 2254 putat,
624 2184 935 2253 significare
978 2184 1216 2250 videtur,
1259 2183 1357 2237 sed
1396 2184 1562 2236 fidem
1605 2183 1985 2251 subiectivam,
2028 2183 2278 2236 habitum
2317 2199 2391 2235 sc.
2432 2187 2479 2234 et

205 2275 406 2322 actum.
489 2269 599 2322 Sed
639 2269 697 2322 id
739 2271 999 2340 persequi
1055 2270 1340 2337 nolumus,
1402 2288 1571 2340 quum
1623 2270 1762 2324 haec
1803 2269 2053 2340 quaestio
2094 2274 2482 2340 argumentum

205 2374 314 2409 non
355 2360 566 2425 tangat.
634 2355 903 2409 Doctrina
945 2355 1012 2409 de
1054 2355 1161 2409 fide
1205 2364 1259 2408 et
1302 2355 1542 2408 moribus
1585 2356 1702 2409 sine
1746 2355 1913 2408 dubio
1956 2356 2051 2408 illa
2093 2355 2345 2408 doctrina
2386 2358 2483 2419 est,

206 2459 314 2511 qua
356 2442 778 2494 christianorum
820 2441 956 2494 fides
997 2458 1061 2494 ac
1102 2460 1283 2494 mores
1323 2447 1622 2511 reguntur,
1664 2446 1831 2512 atque
1878 2441 2140 2508 „definire
2182 2439 2486 2493 doctrinam

207 2527 274 2580 de
318 2528 425 2580 fide
470 2532 525 2580 et
565 2527 841 2580 moribus“
889 2534 971 2580 est
1021 2527 1315 2595 „definire,
1370 2527 1501 2598 quid
1549 2529 1606 2580 in
1658 2527 1823 2580 rebus
1874 2527 2003 2581 fidei
2057 2532 2112 2580 et
2163 2543 2378 2579 morum
2418 2523 2486 2577 ab

206 2614 466 2666 universa
506 2613 760 2666 Ecclesia
801 2614 1104 2666 tenendum
1146 2614 1245 2666 sit“
1271 2611 1308 2668 ².
1388 2614 1508 2667 Iam
1563 2613 1646 2666 his
1687 2614 1871 2666 verbis
1914 2631 2025 2666 non
2067 2613 2198 2665 satis
2240 2611 2486 2665 declara-

206 2705 311 2764 tur,
353 2706 539 2752 utrum
583 2701 649 2752 de
692 2700 809 2753 sola
850 2700 1099 2753 doctrina
1137 2701 1356 2753 revelata
1398 2708 1594 2769 agatur
1636 2718 1705 2751 an
1749 2700 1915 2753 etiam
1958 2699 2026 2752 de
2070 2698 2324 2752 doctrina
2364 2713 2484 2749 cum

205 2787 308 2839 hac
339 2803 609 2839 connexa.
668 2786 866 2856 Neque
895 2805 1087 2839 sensus
1129 2787 1533 2839 determinatur
1573 2786 1764 2840 addita
1799 2804 1934 2839 voce
1962 2785 2305 2854 ‚,tenendam“,
2346 2800 2486 2853 quae

207 2872 276 2925 ad
316 2873 602 2943 utriusque
652 2873 873 2942 generis
928 2873 1235 2925 doctrinam
1289 2872 1488 2925 referri
1542 2878 1740 2943 potest.
1821 2873 2049 2926 Putavit
2106 2870 2330 2942 quidem
2371 2868 2487 2922 An-

208 2958 369 3024 drieS,
415 2958 742 3025 Concilium,
786 2977 955 3029 quum
997 2959 1118 3011 voci
1160 2958 1425 3011 credendi
1455 2959 1783 3028 praetulerit
1823 2976 2014 3011 vocem
2056 2955 2302 3023 tenendi,
2345 2971 2486 3025 quae

206 3043 666 3097 universaliorem
707 3061 930 3097 sensum
971 3043 1157 3110 habet,
1201 3043 1399 3097 docere
1440 3044 1698 3111 voluisse,
1742 3044 2031 3097 Summum
2059 3040 2390 3095 Pontificem
2430 3041 2487 3091 in

207 3129 493 3198 utriusque
536 3129 757 3199 generis
799 3129 1051 3182 doctrina
1094 3129 1412 3182 definienda
1450 3129 1802 3183 infallibilem
1844 3147 1981 3184 esse.
2032 3127 2101 3181 Id
2141 3144 2335 3180 verum
2376 3142 2487 3178 non

208 3221 307 3268 est.
386 3214 663 3267 Praetulit
705 3215 870 3282 enim,
912 3220 973 3266 ut
1013 3215 1268 3282 vidimus,
1312 3214 1453 3267 hanc
1495 3232 1706 3281 vocem,
1748 3233 1848 3282 ne,
1905 3215 1950 3267 si
1990 3230 2181 3266 vocem
2223 3209 2487 3264 credendi

208 3307 519 3370 usurpa-ret,
564 3300 864 3371 aliquando
908 3300 1221 3353 definivisse
1262 3300 1566 3367 videretur,
1610 3300 1896 3354 Summum
1926 3298 2256 3352 Pontificem
2298 3297 2354 3348 in
2381 3295 2489 3348 sola

144 3433 153 3448 ,
209 3386 458 3439 doctrina
500 3387 746 3439 revelata
787 3385 1139 3438 infallibilem
1182 3403 1318 3440 esse.
1397 3386 1544 3439 Nolle
1584 3393 1770 3439 autem
1813 3385 2073 3452 definire,
2116 3402 2243 3437 eum
2283 3382 2340 3434 in
2379 3381 2487 3434 sola

209 3472 460 3525 doctrina
500 3472 749 3524 revelata
791 3471 1145 3525 infallibilem
1187 3489 1324 3539 esse,
1367 3490 1478 3525 non
1505 3472 1652 3525 idem
1696 3480 1777 3524 est
1805 3488 1869 3524 ac
1909 3470 2026 3523 velle
2066 3469 2315 3535 definire,
2359 3484 2484 3520 eum

207 3560 361 3611 etiam
403 3559 458 3611 in
501 3558 692 3624 rebus,
748 3576 890 3628 quae
943 3558 1224 3611 revelatae
1265 3576 1374 3611 non
1429 3563 1584 3627 sunt,
1642 3556 1995 3610 infallibilem
2037 3573 2173 3609 esse.
2251 3553 2342 3607 Ab
2384 3552 2486 3604 hac

209 3646 531 3714 quaestione
575 3644 886 3697 dirimenda
925 3645 1089 3714 plane
1131 3644 1410 3697 abstinere
1452 3644 1655 3709 voluit,
1710 3649 1875 3713 atque
1919 3660 1985 3695 ea
2025 3643 2145 3712 ipsa
2183 3640 2286 3693 fuit
2327 3638 2483 3705 ratio,

210 3748 305 3782 cur
345 3731 532 3784 verbis
571 3748 681 3782 non
723 3730 1106 3783 determinatis
1149 3735 1414 3783 uteretur.
1468 3730 1568 3794 Ea,
1612 3734 1877 3800 quantum
1920 3733 2169 3798 spectato
2211 3725 2328 3779 eius
2361 3740 2485 3795 pro-

210 3817 385 3884 posito
428 3815 843 3885 requirebatur,
898 3815 1263 3884 determinat,
1319 3834 1488 3886 quum
1529 3815 1725 3882 addat,
1776 3814 2231 3867 infallibilitatem
2273 3809 2484 3865 Summi

362 3995 374 4021 ²
415 3995 581 4057 Supra
617 4013 663 4058 p.
708 3999 795 4043 101
838 4013 912 4059 sq.
1097 3995 1112 4021 ²
1153 3996 1231 4045 Of.
1270 3997 1475 4044 schema
1511 3995 1787 4059 pristinum
1826 4010 1981 4057 supra
2017 4009 2063 4056 p.
2109 3994 2217 4041 19⁶2.
