2548 4290
365 204 553 246 Schema
584 206 823 258 pristinum
858 202 912 244 de
946 203 1085 244 doctr.
1119 203 1232 243 cath.
1295 202 1580 243 Reformatur
1611 206 1656 242 in
1689 203 1990 256 deputatione.
2229 201 2294 252 15

221 347 689 411 Quemadmodum
731 347 978 416 deputati
1018 348 1073 398 in
1118 364 1181 398 eo
1222 345 1650 410 consentiebant,
1693 345 1836 414 quod
1863 344 2079 396 schema
2108 361 2294 396 secun-

77 432 205 484 dum
255 431 608 483 substantiam
659 422 1013 482 retinendum
1047 435 1215 496 esset,
1267 430 1342 481 ita
1394 431 1556 481 etiam
1607 447 1713 480 uno
1760 446 2022 480 consensu
2064 428 2292 480 formam

75 516 363 568 schematis
413 513 728 566 mutandam
779 530 894 565 esse
949 513 1218 565 dicebant.
1295 512 1572 564 Volebant
1624 530 1838 576 omnes,
1896 512 2293 581 expositionem

78 598 377 650 catholicae
407 597 684 649 doctrinae
713 597 768 647 in
796 597 1020 665 singulis
1047 596 1315 665 capitibus
1344 595 1677 647 damnationi
1720 613 1961 646 errorum
2002 595 2292 664 praemitti.

76 680 457 750 Perspicuitati
498 684 552 731 et
592 680 862 743 brevitati,
905 684 1165 748 quantum
1207 679 1320 731 fieri
1363 679 1544 747 possit,
1587 679 1980 730 consulendum
2015 697 2129 731 esse
2172 696 2294 731 cen-

77 769 195 816 sent
233 769 394 832 atque
435 762 749 829 curandum,
790 769 850 815 ut
891 762 1106 814 dicendi
1146 763 1281 814 ratio
1310 762 1603 831 tranquilla
1637 764 1721 828 sit,
1762 768 1837 828 ut,
1881 762 2022 831 quod
2054 762 2294 813 scholam

76 847 269 916 sapiat,
321 846 657 912 eliminetur,
702 850 760 897 ut
798 846 966 898 verba
1010 863 1202 913 aspera
1238 845 1479 897 vitentur
1518 850 1680 914 atque
1719 849 2040 913 argumenta
2078 845 2295 896 brevius

75 934 446 998 proponantur
466 929 499 978 ¹.

218 1014 553 1080 Voluerunt,
612 1015 955 1082 theologum,
1013 1013 1103 1082 qui
1154 1013 1398 1064 ultimam
1448 1031 1665 1063 manum
1722 1013 1983 1064 schemati
2037 1011 2293 1077 admovit,

33 1099 35 1101 ’
76 1096 137 1149 Ρ.
178 1096 466 1150 Franzelin
509 1097 562 1150 S.
603 1098 673 1163 I.,
725 1098 790 1149 de
833 1115 895 1149 eo
936 1097 1187 1165 proxima
1227 1097 1464 1148 sessione
1506 1096 1798 1162 disserere,
1853 1102 2013 1165 atque
2055 1100 2162 1147 tres
2205 1094 2295 1146 de-

75 1181 368 1248 putationis
409 1181 599 1233 Patres
639 1199 670 1232 a
711 1180 986 1232 Cardinali
1027 1179 1287 1231 Praeside
1329 1179 1486 1247 eligi,
1544 1179 1736 1248 quibus
1778 1197 1911 1249 opus
1963 1177 2295 1230 reformandi

75 1263 361 1315 schematis
401 1263 748 1315 mandaretur
770 1262 806 1315 ².

225 1346 418 1398 Altera
457 1347 820 1416 deputationis
860 1348 1112 1412 sessione,
1155 1364 1319 1416 quum
1361 1347 1408 1397 ei
1451 1346 1667 1397 schema
1707 1346 1813 1396 iam
1852 1351 1990 1397 esset
2018 1345 2294 1409 traditum,

79 1428 356 1481 decretum
399 1435 494 1494 est,
536 1436 595 1481 ut
633 1431 880 1500 synopsis
922 1431 1244 1494 orationum,
1286 1446 1423 1498 quae
1467 1429 1532 1479 de
1574 1446 1637 1480 eo
1678 1429 1731 1479 in
1769 1428 2298 1497 Congregationibus

77 1512 421 1580 generalibus
461 1514 678 1565 habitae
719 1519 924 1578 essent,
980 1532 1010 1564 a
1049 1513 1316 1581 theologis
1358 1512 1730 1564 conficeretur.
1808 1512 2022 1563 Deinde
2065 1512 2297 1562 Ioannes

77 1594 364 1647 Franzelin
406 1596 456 1648 S.
499 1596 542 1646 Ι.
592 1614 770 1648 coram
812 1596 1066 1648 Patribus
1107 1595 1173 1646 de
1213 1595 1485 1647 schemate
1528 1594 1780 1646 disseruit
1820 1601 1981 1663 atque
2023 1595 2292 1662 exposuit,

78 1678 195 1747 quis
235 1679 348 1730 eius
390 1684 529 1731 esset
568 1679 715 1745 finis,
768 1697 948 1730 rerum
991 1679 1151 1741 orde,
1203 1678 1356 1730 stilus
1377 1677 1412 1728 3.
1491 1679 1576 1730 Ad
1621 1678 2027 1730 reformandum
2079 1678 2296 1729 schema

77 1779 109 1812 a
147 1762 405 1814 Praeside
447 1764 604 1815 electi
645 1769 769 1815 sunt
796 1764 986 1815 Victor
1025 1763 1353 1831 DechampS,
1393 1762 1651 1831 Archiep.
1693 1762 2115 1828 Meehliniensis,
2156 1761 2295 1814 Lud.

78 1844 194 1909 Pie,
223 1844 399 1913 Episc.
428 1845 800 1912 Pictaviensis,
830 1845 1109 1897 Conradus
1138 1845 1355 1910 Martin,
1397 1845 1577 1914 Episc.
1608 1845 2090 1897 Paderbornensis.
2150 1845 2296 1895 Huic

78 1926 145 1978 ab
185 1927 289 1978 illis
330 1927 537 1980 duobus
579 1947 712 1998 opus
751 1929 1142 1997 perficiendum
1184 1928 1534 1979 committitur
1550 1927 1585 1979 ⁴.

229 2010 395 2062 Rffius
432 2011 648 2077 Martin,
691 2012 757 2063 ab
797 2030 903 2064 uno
946 2030 1015 2063 ex
1056 2012 1323 2079 theologis
1370 2012 1608 2077 adiutus,
1659 2012 1792 2063 duos
1833 2011 1948 2063 fere
1990 2029 2201 2063 menses
2242 2011 2295 2061 in

80 2094 297 2145 schema
338 2094 746 2147 reformandum
776 2102 934 2165 atque
965 2095 1032 2147 ad
1059 2095 1282 2147 Patrum
1315 2101 1440 2147 vota
1468 2096 1986 2147 accommodandum
2015 2096 2295 2165 impendit.

79 2175 381 2228 Reformati
420 2167 640 2230 tandem
680 2180 983 2231 schematis,
1026 2179 1169 2248 quod
1210 2197 1403 2231 novem
1445 2179 1710 2249 capitibus
1750 2197 1810 2230 ac
1844 2180 2296 2249 respondentibus

80 2260 374 2312 canonibus
423 2265 592 2313 totam
645 2263 923 2314 materiam
978 2263 1169 2332 prioris
1210 2263 1494 2314 schematis
1536 2263 2017 2333 complectebatur,
2058 2264 2295 2332 priorem

82 2350 290 2413 partem
335 2345 388 2396 in
431 2347 668 2398 sessione
709 2348 870 2398 tertia
899 2346 1265 2417 deputationis
1306 2347 1355 2398 d.
1404 2351 1445 2398 l.
1480 2347 1658 2398 Martii
1702 2347 1955 2398 Patribus
1995 2346 2243 2398 exhibuit
2262 2347 2297 2399 5.

222 2428 377 2480 Haec
417 2429 706 2481 schematis
738 2449 880 2499 parS,
921 2449 1057 2499 quae
1088 2430 1314 2482 exordio
1344 2439 1396 2483 et
1424 2437 1653 2500 quatuor
1683 2431 1950 2500 capitibus
1979 2448 2098 2482 cum
2129 2431 2297 2482 unde-

80 2510 302 2579 triginta
341 2514 636 2565 canonibus
677 2520 902 2579 constat,
946 2532 1064 2566 eam
1105 2515 1386 2567 materiam
1429 2515 1824 2584 complectitur,
1867 2532 2004 2584 quae
2047 2514 2297 2566 undecim

79 2594 263 2661 primis
304 2597 569 2664 capitibus
609 2598 801 2665 prioris
841 2598 1129 2649 schematis
1170 2599 1236 2650 de
1290 2599 1535 2650 doctrina
1587 2599 1848 2650 catholica
1900 2598 2295 2651 continebatur.

79 2675 160 2728 Ea
209 2678 389 2746 agitur
443 2682 489 2730 1.
541 2680 607 2732 de
647 2681 766 2733 Deo
821 2688 873 2733 et
924 2682 1111 2733 mundi
1163 2683 1464 2746 creatione,
1521 2684 1569 2734 2.
1612 2682 1677 2734 de
1721 2682 2083 2746 revelatione,
2140 2684 2187 2733 3.
2230 2681 2295 2733 de

78 2758 200 2825 fide,
242 2762 292 2813 4.
333 2760 400 2813 de
437 2762 542 2814 fide
581 2768 635 2814 et
674 2764 897 2816 scientia
916 2764 950 2816 ⁶.
1016 2764 1258 2817 Alterius
1299 2766 1466 2833 partis
1507 2765 1795 2816 schematis
1822 2765 2117 2830 reformati,
2160 2783 2296 2833 quae

79 2860 185 2894 non
225 2843 332 2894 iam
375 2844 716 2914 deputationi
756 2849 1177 2917 proponebatur,
1218 2850 1454 2917 quinque
1496 2849 1763 2918 capitibus
1805 2853 1858 2900 et
1893 2848 2296 2918 duodetriginta

79 2927 371 2979 canonibus
413 2927 478 2979 de
519 2929 744 2997 singulis
783 2930 888 2981 illis
926 2932 1196 2999 mysteriis
1236 2932 1516 2998 agebatur,
1559 2950 1696 3001 quae
1739 2937 1945 3001 septem
1975 2932 2176 2983 ultimis
2217 2949 2297 2982 ca—

78 3009 279 3079 pitibus
319 3011 511 3079 prioris
551 3014 838 3065 schematis
880 3014 944 3066 de
987 3014 1232 3066 doctrina
1271 3016 1537 3067 catholica
1577 3016 1996 3067 continebantur
2018 3015 2053 3066 ⁷.

221 3091 288 3144 In
314 3095 476 3146 tertia
503 3097 738 3147 sessione
758 3095 1057 3165 Episcopus
1076 3098 1557 3164 Paderbornensis,
1588 3117 1749 3167 quum
1771 3099 2042 3168 deputatis
2061 3099 2293 3163 priorem

79 3184 287 3246 partem
321 3180 673 3248 exhibuisset,
716 3185 1028 3252 explicavit,
1071 3202 1207 3253 quae
1248 3186 1515 3254 principia
1541 3186 1593 3236 in
1636 3185 1909 3236 schemate
1950 3184 2294 3264 refqrmando

79 3266 292 3314 secutus
333 3269 489 3317 esset.
555 3265 729 3331 Dixit,
770 3284 825 3318 se
867 3267 920 3318 id
949 3285 1162 3337 semper
1187 3273 1474 3338 spectasse,
1517 3275 1576 3319 ut
1605 3269 1741 3319 votis
1772 3269 1828 3319 in
1857 3268 2295 3336 Congregatione

79 3346 324 3412 generali
377 3349 664 3417 propositis
715 3349 1067 3409 satisfaceret.
1159 3351 1525 3404 Substantiam
1583 3352 1870 3402 schematis
1923 3356 2189 3402 servatam
2244 3357 2295 3400 et

227 3483 241 3510 ¹
280 3484 359 3530 Ex
401 3486 526 3532 actis
563 3490 658 3534 etc.
728 3486 782 3534 C.
819 3487 880 3535 V.
923 3490 1043 3534 1647
1061 3504 1101 3535 c.
1282 3489 1298 3515 ²
1334 3490 1463 3537 Ibid.

224 3558 240 3585 3
277 3559 400 3606 Eius
437 3561 834 3622 disquisitionem
873 3579 920 3610 v.
958 3562 1012 3610 C.
1050 3563 1111 3609 V.
1151 3565 1319 3611 1611a
1356 3580 1463 3627 sqq.

220 3633 240 3660 4
273 3635 351 3681 Ex
397 3637 523 3682 actis
571 3638 849 3684 sessionum
898 3639 1258 3699 deputationis,
1327 3640 1381 3688 O.
1430 3641 1491 3689 V.
1533 3643 1715 3689 164‘rd.
1754 3670 1814 3675 ——
1849 3643 2002 3689 Errat
2049 3643 2107 3689 D.
2155 3642 2292 3698 Zobl,

80 3724 235 3769 quum
276 3710 395 3757 dicit
432 3710 673 3769 (Vincenz
711 3713 923 3774 Gasser,
970 3715 1327 3762 Fiirstbischof
1358 3733 1455 3763 von
1491 3717 1705 3776 Brixen,
1756 3734 1802 3779 p.
1842 3719 1933 3763 458
1972 3717 2127 3779 sqq.)‚
2181 3718 2294 3778 Epi-

82 3799 284 3847 scopum
322 3786 668 3834 Brixinensem
706 3789 837 3836 inter
873 3794 975 3836 tres
1013 3790 1192 3838 Patres
1229 3792 1416 3852 fuisse,
1459 3793 1542 3854 qui
1581 3794 1644 3839 ad
1682 3794 1883 3840 schema
1919 3794 2292 3840 reformandum

81 3858 270 3907 fuerint
306 3862 468 3908 electi.
646 3863 661 3888 ⁵
699 3864 828 3912 Ibid.
1004 3864 1020 3892 ‘³
1057 3866 1118 3913 V.
1155 3867 1285 3914 hanc
1321 3872 1517 3928 partem
1556 3867 1610 3915 C.
1647 3868 1707 3915 V.
1752 3870 1917 3915 162sa
1954 3884 2061 3930 sqq.

226 3935 241 3961 ⁷
277 3936 339 3984 V.
375 3937 504 3984 hanc
540 3943 735 3999 partem
771 3939 826 3988 C.
863 3941 924 3989 V.
965 3942 1130 3988 1632d
1171 3957 1278 4004 sqq.
