2548 4290
707 192 821 233 Eius
850 205 947 246 cap.
978 194 1061 235 ΙΙΙ.
1114 195 1182 252 De
1212 195 1437 237 Prima-tus
1469 199 1516 236 vi
1548 208 1599 237 ac
1630 200 1815 238 ratione.
2246 198 2348 248 229

148 338 477 402 potestatem
515 333 899 386 iurisdictionis
939 336 994 386 in
1034 336 1341 388 universam
1368 337 1686 404 Ecclesiam,
1728 357 1836 391 non
1875 340 2048 391 solum
2087 341 2141 390 in
2170 338 2348 403 rebuS,

146 433 287 484 quae
328 416 397 468 ad
435 417 595 468 fidem
635 421 689 469 et
729 434 922 483 moreS,
962 418 1056 469 sed
1098 420 1260 470 etiam
1299 421 1355 470 in
1394 421 1475 486 iis,
1516 438 1651 489 quae
1694 422 1762 473 ad
1802 421 2137 490 disciplinam
2179 426 2231 473 et
2270 439 2350 473 re-

144 501 329 567 gimen
352 499 368 531 ¹
407 500 687 552 Ecclesiae
726 518 822 570 per
848 505 1021 552 totum
1062 502 1243 554 orbem
1274 503 1500 555 diffusae
1538 505 1837 573 pertinent,
1880 510 1972 556 aut
2001 523 2120 557 eum
2151 504 2350 556 habere

146 588 357 634 tantum
396 584 633 651 potiores
660 588 855 650 parteS,
897 602 1004 636 non
1032 602 1159 637 vero
1202 590 1368 637 totam
1408 586 1799 653 plenitudinem
1823 586 1842 618 2
1882 588 2038 639 huius
2069 604 2351 656 supremae

144 734 359 793 dicium,
409 750 521 780 cum
556 750 701 782 nemo
739 734 921 782 debeat
959 750 1131 781 eorum
1180 736 1433 783 dimovere
1478 741 1691 799 statum,
1744 741 1861 800 quia
1897 740 2100 787 Summa
2136 740 2287 787 Sedes
2324 755 2352 786 a

145 811 343 857 nemine
378 807 663 857 iudicatur.‘
713 810 808 856 Sed
837 826 899 857 ex
934 811 1010 856 his
1041 815 1239 859 constat
1274 816 1379 859 tum
1418 817 1594 860 contra
1619 814 2015 876 ,appellantium‘
2052 816 2351 868 sententiam

143 886 206 933 de
242 889 410 933 mente
445 901 505 933 ac
531 886 760 933 doctrina
783 888 994 947 antiqua
1030 888 1330 934 universalis
1356 888 1628 950 Ecclesiae,
1665 894 1773 937 tum
1807 891 1867 938 de
1891 891 2235 951 fundamento,
2272 893 2353 939 cui

142 962 498 1023 appellationis
534 962 883 1009 condemnatio
920 963 1169 1010 innititur.
1230 964 1335 1010 Iam
1371 979 1490 1010 vero
1527 981 1629 1011 una
1666 981 1776 1013 cum
1813 967 2149 1028 appellatione
2185 967 2245 1013 ad
2278 967 2353 1013 fu-

143 1042 315 1085 turum
354 1037 635 1085 Concilium
685 1039 1047 1086 condemnatur
1095 1054 1297 1101 quoque
1344 1041 1705 1100 appellantium
1756 1044 1885 1090 ratio
1924 1043 2352 1101 contendentium,

142 1112 426 1160 Concilium
469 1114 708 1175 generale
756 1130 864 1162 esse
911 1116 1266 1162 auctoritatem
1306 1116 1432 1163 Sede
1466 1116 1694 1163 Romana
1739 1119 1995 1165 maiorem.
2065 1118 2193 1164 Nam
2241 1119 2355 1165 doc-

145 1190 280 1237 trina
325 1190 449 1237 haec
501 1191 774 1251 opponitur
820 1192 1011 1251 pariter
1062 1192 1227 1238 allatis
1277 1192 1507 1252 superius
1554 1193 1896 1240 Romanorum
1931 1195 2232 1241 Pontificum
2280 1194 2352 1240 iu-

142 1266 311 1313 diciis:
359 1266 630 1328 opponitur
675 1267 864 1314 virtute
909 1268 1220 1327 generalium
1260 1267 1600 1315 Conciliorum
1648 1269 2001 1330 Lugdunensis
2038 1271 2106 1316 11.
2155 1273 2205 1317 et
2241 1269 2356 1316 Flo-

145 1342 331 1389 rentini
369 1342 769 1402 definitionibus,
814 1345 997 1404 quibus
1033 1344 1259 1391 Romano
1297 1344 1528 1391 Pontifici
1565 1345 1822 1405 plenitudo
1860 1346 2127 1406 potestatis
2162 1346 2213 1391 in
2249 1345 2356 1391 uni-

143 1435 339 1467 versam
377 1420 654 1466 Ecclesiam
702 1422 972 1478 asseritur,
1024 1424 1073 1467 et
1121 1421 1390 1481 opponitur
1427 1421 1612 1468 diserte
1649 1423 1826 1469 Bullae
1862 1422 2061 1481 ,Pastor
2097 1419 2352 1468 aeternus‘

143 1496 327 1544 Leonis
363 1496 427 1544 X.
474 1497 524 1543 in
571 1495 796 1544 Concilio
843 1497 1068 1557 generali
1115 1497 1441 1543 Lateranensi
1479 1498 1538 1544 V.
1589 1498 1753 1544 editae
1793 1500 1865 1545 14.
1915 1497 2019 1545 Cal.
2068 1499 2175 1545 Ian.
2217 1498 2355 1557 1516,

147 1587 246 1633 qua
282 1572 550 1619 damnatur
587 1573 900 1633 pragmatica
939 1573 1130 1619 sanctio
1170 1573 1448 1631 Gallorum,
1487 1577 1536 1620 et
1572 1574 1696 1621 haec
1732 1575 2008 1620 habentur:
2045 1573 2227 1633 ,Solum
2260 1573 2355 1619 Ro-

143 1665 337 1696 manum
387 1649 662 1706 Pontificem
711 1664 801 1709 pro
861 1653 1086 1710 tempore
1134 1649 1490 1708 exsistentem,
1550 1655 1781 1711 tanquam
1833 1652 2164 1698 auctoritatem
2213 1664 2357 1709 super

143 1725 303 1770 onmia
345 1723 554 1771 Concz'lia
601 1724 868 1784 habentem,
917 1729 1016 1771 tam
1057 1723 1395 1770 Conciliorum
1432 1725 1840 1786 indicendorum,
1889 1726 2357 1772 transferendorum

140 1816 202 1847 ac
240 1801 673 1849 dissolvendorum
704 1801 897 1860 plenum
934 1803 1006 1847 ius
1041 1816 1096 1846 ac
1126 1806 1403 1859 potestatem
1437 1801 1623 1859 habere,
1655 1802 1842 1848 nedum
1879 1817 1941 1849 ex
1978 1802 2159 1849 Sacrae
2194 1800 2358 1861 Scrip-

146 1880 293 1923 turae
331 1877 646 1936 testimonio,
696 1877 841 1923 dictis
880 1880 1169 1922 sanctorum
1206 1876 1412 1923 Patrum
1461 1892 1517 1923 ac
1562 1877 1775 1923 aliorum
1811 1877 2152 1924 Romanorum
2188 1877 2358 1923 Ponti-

141 1952 292 1999 ficum
331 1952 480 1999 ctiam
517 1952 960 2013 praedecessorum
997 1956 1286 1998 nostrorum
1326 1967 1686 2013 sacrorumque
1718 1968 1962 1999 canonum
2002 1953 2232 2010 decretiS,
2270 1952 2358 1999 sed

146 2028 351 2089 propria
387 2029 537 2075 etiam
574 2029 849 2075 eorundem
881 2027 1218 2075 Conciliorum
1257 2029 1574 2075 confessione
1610 2029 1876 2076 manifeste
1913 2027 2143 2075 constat.‘
2191 2027 2358 2083 Quare

145 2105 579 2151 condemnationis
616 2104 835 2151 formula
870 2105 980 2150 iure
1017 2105 1461 2166 comprehenditur
1508 2105 1716 2151 incisum
1766 2111 2012 2165 ,tanquam
2048 2106 2115 2151 ad
2151 2106 2358 2151 auctori-

142 2186 288 2228 tatem
323 2179 540 2228 Romano
577 2180 806 2240 Pontifice
840 2180 1100 2227 maiorem‘.
1171 2181 1439 2228 Adiectum
1486 2182 1536 2226 in
1576 2181 1676 2228 alia
1723 2181 1990 2228 schematis
2026 2181 2188 2227 forma
2222 2184 2357 2227 erat:

145 2258 246 2317 ffel,
281 2258 409 2318 quod
441 2258 582 2304 etiam
606 2257 926 2303 detestabilius
952 2263 1029 2314 est,
1066 2260 1134 2304 α’ἰ»
1169 2258 1301 2316 ‘ipsas
1335 2258 1604 2304 saeculares
1625 2262 1877 2317 potestates
1900 2253 2186 2317 appellare‘;
2224 2256 2356 2317 quod

145 2337 315 2380 tamen
354 2333 593 2380 omissum
629 2334 757 2391 fuit,
806 2348 864 2379 eo
914 2334 1049 2394 quod
1097 2333 1344 2380 eiusmodi
1389 2334 1660 2393 appellatio
1708 2333 1871 2378 locum
1920 2333 2106 2379 habere
2144 2332 2357 2393 amplius

144 2424 247 2455 non
282 2407 558 2456 videatur.“

290 2485 712 2532 Animadversum
751 2489 828 2532 est
864 2486 925 2532 ab
963 2500 1063 2531 uno
1103 2501 1165 2531 ex
1196 2485 1462 2544 Patribus,
1506 2484 1894 2530 constitutiones
1930 2483 2212 2545 pontificias
2247 2499 2359 2544 pro-

146 2561 319 2607 hibere
356 2561 723 2621 appellationes
759 2561 823 2607 ad
845 2562 1083 2620 ficturum
1120 2559 1417 2618 Concilium,
1453 2574 1552 2605 non
1590 2560 1654 2605 ad
1682 2558 1960 2605 Concilium
1999 2564 2115 2605 actu
2154 2573 2359 2619 congre-

140 2640 321 2697 gatum
360 2636 587 2694 (Emend.
625 2640 719 2683 etc.
769 2635 823 2682 C.
862 2635 922 2682 V.
952 2636 1120 2693 344a).
1169 2635 1450 2697 Respondit
1486 2635 1780 2681 Tarvisinus
1818 2635 2033 2693 (Relatio
2072 2639 2166 2682 etc.
2218 2635 2271 2682 C.
2298 2635 2358 2681 V.

147 2710 333 2769 361b):
384 2711 681 2771 „Pontifices
719 2750 728 2759 .
769 2748 778 2757 .
818 2748 827 2757 .
865 2712 1264 2759 condemnarunt
1312 2725 1534 2757 errorem
1582 2710 1945 2771 appellantium
1995 2726 2199 2757 suorum
2236 2715 2359 2757 tem-

146 2803 350 2849 porum,
391 2789 475 2850 qui
510 2789 574 2835 ad
610 2788 842 2835 futurum
880 2787 1160 2834 Concilium
1199 2787 1549 2848 appellabant,
1588 2787 1705 2846 quia
1740 2789 1858 2832 actu
1895 2785 2174 2833 Concilium
2214 2802 2360 2833 oecu-

146 2865 398 2912 menicum
449 2879 545 2911 non
598 2870 708 2911 erat
759 2869 1137 2926 congregatum.
1218 2865 1286 2910 At
1338 2863 1592 2910 damnatio
1646 2863 1830 2909 erroris
1878 2862 2027 2908 huius
2079 2863 2360 2923 aequaliter

145 2941 363 2988 feriebat
400 2941 711 3002 appellantes
749 2941 811 2987 ad
849 2940 1130 2988 Concilium
1168 2940 1319 2987 etiam
1358 2943 1473 2986 actu
1512 2941 1890 2999 congregatum,
1931 2938 2048 2998 quia
2084 2939 2211 2985 ratio
2248 2938 2359 2983 fun-

148 3017 448 3064 damentalis
484 3017 669 3063 erroris
706 3016 1066 3077 appellantium
1104 3032 1133 3062 a
1168 3015 1296 3062 falsa
1334 3014 1648 3076 dependebat
1694 3014 1946 3060 sententia
1994 3014 2053 3060 de
2091 3013 2360 3074 superiori-

145 3097 254 3140 tate
290 3092 501 3140 Concilii
538 3107 688 3153 supra
722 3089 955 3153 Papam.“

295 3168 310 3195 ¹
347 3169 409 3217 V.
446 3185 597 3230 supra
632 3185 678 3230 p.
717 3170 825 3215 224.
861 3184 908 3215 n.
951 3170 989 3214 1.

296 3244 312 3271 ²
347 3245 457 3291 Hoc
492 3245 667 3304 inciso,
704 3248 759 3291 ut
795 3245 866 3291 ait
903 3244 1069 3304 Episc.
1108 3243 1404 3290 Tarvisinus
1440 3243 1491 3288 in
1528 3242 1776 3288 relatione
1814 3240 1889 3299 (C.
1915 3240 1975 3287 V.
2014 3239 2187 3299 36912),
2228 3241 2361 3287 dam-

148 3325 301 3368 natur
338 3336 478 3367 error
513 3336 712 3370 eorum,
762 3320 878 3381 „qui
915 3335 1197 3381 supremam
1245 3321 1550 3380 potestatem
1588 3317 1776 3364 Summi
1811 3316 2066 3363 Pontificis
2113 3330 2214 3361 non
2251 3331 2359 3363 esse

149 3398 347 3458 plenam
383 3398 434 3443 in
470 3412 621 3444 sensu
657 3397 860 3458 proprio
898 3400 1131 3443 asserunt
1167 3411 1224 3442 ac
1260 3395 1470 3456 proinde
1505 3394 1819 3440 involventes
1843 3392 2022 3439 falsam
2059 3391 2360 3438 sententiam

148 3474 317 3522 verbis
354 3473 602 3534 ambiguis
640 3473 854 3520 eludunt
902 3473 1023 3518 satis
1069 3471 1387 3533 perspicuam
1440 3469 1780 3516 definitionem
1818 3467 2028 3515 Concilii
2063 3467 2359 3525 Florentini,

150 3549 370 3608 aientes,
420 3564 529 3595 esse
566 3548 767 3610 quidem
806 3548 853 3593 in
892 3546 1135 3594 Pontifice
1173 3546 1373 3593 Summo
1425 3544 1787 3606 plenitudinem
1834 3543 2221 3601 iurisdictionis,
2274 3542 2362 3589 sed

149 3639 252 3671 non
287 3627 470 3683 totam,
524 3625 642 3685 quia
677 3623 913 3671 Pontifex
960 3624 1112 3669 habet
1162 3622 1361 3683 quidem
1397 3622 1619 3682 potiores
1657 3626 1825 3681 partes
1874 3618 2261 3678 iurisdictionis,
2309 3622 2361 3664 at

150 3714 251 3746 non
289 3715 477 3746 omnes.
531 3699 678 3757 Quid,
717 3713 921 3760 quaero,
958 3699 1052 3744 hoc
1090 3701 1181 3757 est,
1219 3713 1367 3758 quam
1394 3712 1572 3758 reapse
1596 3711 1782 3756 negare
1817 3695 2181 3756 plenitudinem
2217 3693 2362 3740 iuris-

151 3774 386 3821 dictionis
423 3775 612 3821 Summi
636 3774 895 3821 Pontificis
932 3773 1187 3821 definitam
1226 3789 1255 3819 a
1291 3772 1515 3819 Concilio
1553 3771 1884 3817 Florentino?
1933 3768 2063 3824 Quid
2100 3769 2232 3815 enim
2268 3769 2362 3816 sibi

150 3849 262 3896 vult
296 3850 422 3897 haec
458 3850 745 3910 distinctio,
798 3850 944 3911 quasi
982 3864 1089 3896 esse
1126 3853 1297 3909 posset
1340 3847 1628 3909 plenitudo,
1682 3861 1812 3906 quae
1847 3860 1948 3891 non
1986 3846 2049 3891 sit
2084 3840 2259 3891 tota?“
2300 3870 2361 3876 —

152 3924 292 3971 Haec
339 3940 439 3971 non
475 3929 692 3986 tangunt
729 3926 1105 3985 quaestionem,
1157 3924 1287 3970 sitne
1334 3924 1482 3970 etiam
1532 3923 1582 3968 in
1620 3920 1845 3968 Concilio
1894 3919 2217 3966 oecumenico
2255 3923 2362 3965 tota
