2548 4290
451 204 696 245 Comment.
728 202 786 242 ΙΙ.
841 203 910 243 De
940 202 1247 256 possibilitate
1276 204 1421 241 natur.
1456 202 1727 253 cognitionis
1762 201 1864 241 Dei.
2192 199 2259 249 45

40 350 95 402 in
133 349 283 401 libris
324 349 682 418 Physicorum
721 346 903 412 habet,
946 363 1010 398 eo
1050 345 1294 411 tendere,
1334 350 1395 396 ut
1436 344 1656 410 doceat,
1697 345 1873 396 Deum
1918 362 2032 396 esse
2073 341 2261 394 mundi

45 436 100 486 et
137 433 300 484 etiam
341 432 477 484 coeli
517 448 734 483 causam
773 447 883 481 non
922 428 1261 481 solummodo
1302 428 1537 494 finalem,
1578 428 1674 480 sed
1714 428 1877 480 etiam
1917 427 2262 479 efficientem.

43 515 230 568 Verba
269 515 590 567 scholiastae
631 514 765 565 haec
804 517 954 564 sunt:
1007 512 1379 579 ,Aristotelem
1436 529 1649 563 omnem
1693 511 1759 563 de
1811 511 2089 580 principiis
2129 510 2264 579 phy-

44 599 165 650 sicis
203 598 596 650 institutionem
647 597 703 647 in
759 596 1089 648 eminentem
1136 595 1469 663 theologiam
1519 599 1780 663 tanquam
1831 595 1885 645 in
1926 595 2138 664 apicem
2181 610 2264 644 re-

44 681 280 746 duxisse,
321 678 757 744 demonstrandO,
800 695 1016 730 omnem
1045 678 1326 748 physicam
1355 682 1409 729 et
1445 677 1779 746 corporalem
1822 677 2262 728 constitutionem

47 763 359 834 dependere
409 763 477 815 ab
530 762 862 828 incorporali
914 766 966 813 et
1005 760 1363 813 intellectuali
1404 760 1679 826 bonitate,
1732 778 1869 829 quae
1911 777 2074 829 supra
2113 763 2266 810 natu·

43 865 158 899 ram
208 846 383 916 posita
422 850 533 911 est,
586 850 640 897 et
679 845 860 896 Deum
902 862 1016 896 esse
1070 861 1178 896 non
1219 843 1556 896 solummodo
1599 861 1814 896 causam
1866 843 2113 908 finalem,
2168 841 2263 910 sed

45 929 371 982 efficientem
398 929 564 981 totius
598 928 786 979 mundi
826 933 879 980 et
918 928 1080 980 etiam
1107 927 1277 979 coeli.‘
1331 927 1486 978 Haec
1513 926 1783 979 habentur
1809 927 1863 977 in
1892 926 2005 977 istis
2033 924 2265 976 scholiis

192 1011 373 1079 „Quis‚
414 1011 535 1063 Rffii
568 1011 777 1077 PatreS,
819 1028 1020 1080 negare
1062 1011 1278 1079 poterit,
1322 1011 1673 1062 Aristotelem
1716 1027 1907 1078 reapse
1949 1008 2266 1078 cognovisse

43 1095 221 1148 Deum
263 1096 502 1148 omnium
544 1095 871 1165 principium
923 1100 976 1147 et
1016 1094 1217 1146 finem?
1282 1093 1346 1145 In
1386 1093 1592 1145 Ethicis
1633 1093 1899 1158 Eudemi,
1953 1097 2006 1144 et
2046 1091 2263 1161 quidem

42 1179 180 1231 libro
220 1178 399 1243 VHL,
439 1179 720 1248 sequentia
759 1178 1056 1242 habentur3
1100 1178 1229 1229 dicit
1268 1176 1470 1229 ibidem
1513 1177 1804 1246 discipulus
1845 1175 2155 1228 Aristotelis
2196 1192 2263 1226 ex

44 1266 226 1314 mente
268 1262 512 1330 magistri
553 1262 653 1327 sui,
693 1262 873 1313 Deum
904 1279 1019 1313 esse
1049 1261 1377 1330 principium
1406 1261 1460 1311 in
1489 1261 1668 1312 animo
1697 1261 1929 1312 hominis
1959 1259 2263 1328 cogitantiS,

43 1346 200 1397 sicuti
240 1350 320 1397 est
358 1346 412 1396 in
442 1345 642 1396 mundo
671 1346 952 1397 universo:
993 1344 1115 1396 ideo
1143 1344 1265 1396 illos
1294 1345 1539 1396 homines
1567 1344 1862 1412 prudentes
1901 1348 1954 1395 et
1992 1343 2264 1412 sapientes

44 1429 248 1494 videri,
306 1430 412 1498 qui,
454 1429 598 1498 quod
637 1429 911 1497 agendum
952 1429 1046 1494 sit,
1088 1428 1339 1480 celeriter
1381 1428 1530 1497 quasi
1574 1428 1827 1479 vaticinio
1870 1427 2101 1496 quodam
2145 1443 2265 1495 per-

43 1511 303 1582 spiciunt:
346 1511 504 1577 ,Nam
539 1512 686 1578 (sunt
724 1512 893 1563 verba
932 1512 1221 1581 ipsissima)
1251 1511 1402 1562 Deus
1443 1516 1497 1563 ct
1538 1511 1720 1563 futura
1760 1512 1947 1575 cernit,
1990 1515 2044 1562 et
2082 1527 2263 1561 rerum

43 1599 290 1647 naturam
332 1613 512 1648 veram
541 1596 800 1661 intuetur,
843 1600 897 1647 et
938 1613 1016 1660 ea,
1060 1613 1197 1664 quae
1239 1613 1295 1646 se
1335 1595 1457 1646 huic
1499 1600 1714 1647 nostrae
1758 1596 2028 1647 humanae
2067 1593 2263 1645 rationi

40 1678 364 1745 subducunt,
391 1679 549 1748 eique
577 1679 857 1731 recondita
885 1684 1025 1746 sunt,
1054 1684 1339 1749 perspecta
1367 1679 1568 1730 habet.‘
1621 1679 1855 1730 Demum
1896 1679 1948 1729 in
1978 1679 2083 1729 fine
2111 1677 2265 1728 Ethi-

43 1777 226 1814 corum
267 1761 482 1813 virtutis
509 1762 777 1814 humanae
804 1762 924 1813 finis
953 1780 1047 1814 seu
1073 1763 1245 1814 virtus
1274 1762 1510 1813 humana
1538 1762 1889 1831 subsequenti
1929 1762 2139 1813 ratione
2171 1760 2264 1812 de-

41 1843 321 1897 scribitur:
353 1845 635 1911 ,Omnibus
664 1846 902 1898 numeris
929 1846 1234 1897 absolutam
1263 1846 1601 1897 honestatem
1631 1846 1862 1898 hominis
1885 1862 1978 1897 seu
2009 1845 2262 1895 virtutem

42 1928 96 1979 in
148 1938 211 1980 e'o
251 1929 577 1995 consistere,
634 1935 692 1981 ut
742 1930 886 1981 omni
928 1935 1179 1999 respectu
1220 1935 1445 1981 naturae
1488 1949 1616 1982 suae
1670 1930 1946 1982 rationalis
1999 1928 2266 1980 mandatis

41 2011 147 2064 Dei
185 2012 565 2080 gubernatoris
605 2018 659 2065 et
697 2014 956 2082 principis
985 2019 1201 2082 pareat,
1244 2013 1386 2065 bona
1414 2032 1541 2065 vero
1571 2020 1817 2079 externa,
1860 2032 2005 2083 opeS,
2048 2013 2264 2077 amicOS,

42 2095 185 2147 bona
224 2097 463 2166 corporis
504 2104 557 2149 et
591 2097 800 2166 reliqua
827 2098 881 2149 id
910 2116 1098 2166 genuS,
1140 2098 1214 2149 ita
1244 2103 1469 2167 expetat
1511 2097 1697 2167 hisque
1741 2098 1814 2149 ita
1854 2104 2053 2163 utatur,
2096 2102 2154 2148 ut
2184 2097 2264 2147 his

41 2178 190 2231 iuvet
230 2184 283 2231 et
322 2185 521 2249 augeat
561 2182 1078 2250 contemplationem
1117 2181 1259 2233 Deis
1337 2181 1408 2232 Et
1447 2182 1500 2232 in
1541 2182 1646 2233 fine
1689 2181 1923 2233 addidit:
1971 2181 2094 2244 ,Qui
2133 2198 2262 2232 vero

42 2266 135 2313 aut
172 2280 364 2332 parum
406 2268 499 2315 aut
538 2264 826 2316 immodice
869 2265 1081 2333 quaerit
1120 2265 1263 2316 bona
1303 2270 1565 2330 externa,
1619 2283 1791 2335 eoque
1846 2265 2046 2331 efficit,
2099 2270 2158 2316 ut
2207 2265 2262 2316 in

42 2345 147 2397 Dei
187 2346 334 2397 cultu
375 2352 538 2416 atque
578 2348 633 2398 in
673 2347 779 2399 Dei
821 2348 1280 2418 contemplatione
1322 2349 1667 2417 impediatur,
1715 2349 1873 2400 huius
1914 2367 2139 2418 pravum
2184 2354 2262 2400 est

44 2428 316 2481 studium.‘
393 2429 541 2499 Ergo
581 2431 734 2481 iuxta
774 2430 1128 2483 Aristotelem
1176 2449 1362 2483 omnes
1413 2432 1639 2484 virtutes
1681 2432 1912 2483 hominis
1952 2438 2065 2483 tum
2108 2432 2263 2483 intel-

42 2510 302 2564 lectuales
342 2518 455 2565 tum
497 2514 729 2566 morales
768 2514 1080 2567 referuntur
1119 2515 1188 2566 ad
1229 2516 1439 2579 Deum3
1494 2522 1546 2567 et
1598 2516 1816 2585 quidem
1869 2516 2264 2568 intellectuales

42 2594 353 2647 referuntur
381 2596 449 2648 ad
478 2598 994 2667 contemplationem
1021 2599 1142 2665 Dei,
1185 2600 1417 2651 morales
1458 2618 1586 2651 vero
1615 2600 1682 2651 ad
1724 2601 1928 2651 cultum
1956 2600 2075 2652 Dei.
2130 2600 2261 2659 Quis

43 2677 176 2729 haec
215 2678 477 2731 intuendo
517 2698 719 2749 negare
759 2682 974 2751 poterit,
1016 2681 1368 2734 Aristotelem
1399 2684 1715 2751 cognovisse
1754 2689 1901 2735 certo
1931 2684 2111 2735 Deum
2153 2702 2262 2735 om-

44 2760 190 2812 nium
230 2763 553 2831 principium
598 2770 650 2815 et
689 2765 890 2816 finem?

192 2844 414 2911 „Quoad
443 2846 731 2898 Platonem
771 2849 957 2917 utique
990 2849 1327 2901 notissimum
1356 2856 1450 2914 cst,
1494 2850 1637 2919 quod
1677 2851 1790 2918 ipse
1829 2852 1989 2902 finem
2031 2851 2260 2901 hominis

46 2928 286 2995 posuerit
326 2929 380 2979 in
421 2930 720 2982 imitatione
760 2931 895 2997 Dei,
949 2937 1208 3000 quantum
1249 2933 1364 2984 fieri
1406 2938 1599 3002 potest.
1677 2934 1883 2985 Verum
1936 2935 2123 3003 utique
2165 2939 2261 2994 est,

45 3010 188 3079 quod
229 3029 325 3064 eae
376 3013 629 3065 meliores
682 3020 735 3066 et
790 3016 1034 3084 puriores
1088 3016 1153 3067 de
1194 3016 1313 3068 Deo
1366 3023 1419 3068 et
1467 3017 1627 3068 rebus
1681 3018 1876 3069 divinis
1925 3019 2261 3087 cognitiones

44 3111 232 3163 parum
274 3097 362 3148 vel
401 3096 534 3147 nihil
579 3097 861 3149 attulerint
899 3099 966 3150 ad
1020 3116 1304 3151 commune
1347 3100 1715 3163 commodum3
1775 3119 1896 3153 nam
1939 3120 2036 3153 eae
2078 3103 2258 3170 cogni-

44 3177 217 3229 tiones
255 3183 510 3248 tanquam
554 3181 755 3249 placita
796 3182 1241 3251 philosophorum
1284 3183 1496 3235 clausae
1544 3190 1857 3237 manserunt
1898 3186 2038 3237 inter
2079 3191 2261 3255 portas

51 3259 372 3314 Academiae
414 3268 468 3314 et
507 3263 696 3332 Lycei,
740 3270 792 3316 et
831 3265 1034 3317 ibidem
1075 3267 1246 3334 magis
1286 3267 1653 3319 inserviebant
1697 3269 2047 3337 disputationi
2086 3269 2259 3338 philo-

46 3343 298 3412 sophicae
351 3364 511 3415 quam
564 3348 930 3400 emendationi
981 3368 1207 3401 morum.
1287 3351 1395 3402 Sed
1445 3351 1544 3403 hac
1585 3370 1642 3404 re
1694 3353 2028 3405 solummodo
2072 3353 2260 3404 confir-

47 3431 220 3477 matur
260 3429 594 3481 verissimum
622 3431 758 3482 illud
800 3432 1025 3484 verbum
1054 3433 1304 3502 Apostoli
1340 3435 1408 3486 ad
1437 3435 1730 3501 Romanos,
1772 3437 1863 3487 ubi
1902 3436 1966 3488 de
2009 3436 2260 3504 sapienti-

46 3508 143 3561 bus
207 3511 433 3563 ethnicis
498 3513 654 3565 dicit:
719 3515 841 3581 ,Qui
901 3534 1015 3567 cum
1078 3519 1408 3585 coqnovz'asent
1460 3519 1658 3582 Deum,
1725 3538 1824 3571 non
1887 3522 2036 3571 sicuti
2088 3520 2258 3571 Deum,

42 3592 457 3659 ,qlorificaverunt
494 3602 584 3647 aut
617 3600 816 3665 qrate'as
853 3606 1083 3666 esserunt,
1132 3600 1217 3651 sed
1254 3608 1568 3653 evanuerunt
1607 3604 1660 3653 in
1699 3603 2080 3671 coffl‘tate'onihns
2118 3605 2257 3655 suisf

48 3674 117 3725 Et
156 3675 294 3727 bene
336 3683 546 3743 notate,
598 3679 720 3731 Rffii
760 3682 975 3746 PatreS,
1018 3684 1330 3751 Apostolus,
1373 3701 1492 3735 cum
1534 3685 1634 3736 hoc
1676 3687 1730 3736 in
1771 3687 1889 3737 loeo
1932 3686 2076 3751 dicit,
2119 3687 2259 3755 quod

50 3760 402 3824 cognoverint
429 3759 624 3827 Deum,
668 3764 804 3815 hanc
846 3766 1211 3833 cognitionem
1254 3768 1463 3818 derivat
1504 3785 1573 3819 ex
1613 3770 1831 3836 speculo
1873 3774 2258 3822 creaturarum„

49 3857 173 3892 nam
224 3842 278 3893 in
330 3843 781 3909 praecedentibus
834 3848 900 3899 de
953 3848 1066 3899 sola
1117 3848 1215 3900 hac
1267 3850 1589 3918 cognitionis
1644 3852 1898 3903 methodo
1945 3870 2118 3904 sermo
2163 3861 2255 3904 est.

51 3923 121 3974 Et
171 3943 277 3976 non
327 3930 505 3993 potest
556 3927 688 3995 dici,
739 3931 882 3999 quod
923 3931 1213 3984 habuerint
1264 3934 1463 3983 ethnici
1505 3934 1809 4003 philosophi
1852 3936 2012 3987 etiam
2054 3937 2255 3987 semina
