2548 4290
483 211 726 253 Comment.
757 210 815 250 ΙΙ.
872 211 938 250 De
969 209 1273 263 possibilitate
1297 212 1440 248 natur.
1475 208 1745 259 cognitionis
1776 207 1874 247 Dei.
2224 203 2289 254 37

78 362 187 409 tam
226 356 464 424 maligno
507 354 662 406 oculo
703 353 862 404 istam
904 352 1201 405 doctrinam
1244 350 1679 414 consideranteS,
1722 349 2129 402 emendationes
2170 365 2292 417 pro-

77 443 399 509 posuerunt,
439 456 511 490 sc.
550 437 767 489 tertiam
809 441 862 487 et
902 441 1174 505 quartam,
1216 452 1354 504 quae
1395 434 1536 486 tueri
1576 433 1829 485 videntur
1871 450 2089 485 causam
2127 430 2292 483 tradi-

76 523 368 575 tionalismi
407 520 667 573 mitioris“
694 519 728 573 ¹.

220 609 336 660 Iam
364 607 579 659 nomine
608 605 975 676 deputationis
1001 605 1343 656 Brixinensis
1368 604 1575 670 suadet,
1616 609 1677 655 ut
1702 603 1874 655 tribus
1901 603 2006 654 illis
2035 601 2293 654 emenda-

76 692 311 744 tionibus
362 690 606 759 sepositis
659 694 842 741 textus
895 689 1182 740 schematis
1233 688 1559 751 retineatur,
1616 704 1720 756 quo
1773 686 2053 755 deputatio
2095 685 2291 737 doctri-

77 792 201 827 nam
239 792 389 826 suam
428 779 684 842 tanquam
713 778 904 824 certum
934 773 1256 840 principium
1284 775 1569 839 proponat,
1609 769 1770 838 „quod
1808 768 1987 821 directe
2025 769 2293 836 impugmat

72 856 556 909 traditionalismum
594 855 908 920 crudiorem,
959 854 1094 923 quod
1131 871 1264 918 sane,
1304 871 1420 904 cum
1459 854 1606 904 aliter
1634 853 1762 920 fieri
1798 869 1898 903 non
1933 852 2102 919 possit,
2141 852 2289 902 etiam

73 941 235 1008 tcqu't
269 940 759 992 traditionalismum
799 937 1074 990 mitiorem“
1095 936 1131 990 2.

217 1026 378 1078 Patet
413 1027 595 1095 igitur,
634 1044 739 1095 qua
774 1026 983 1077 ratione
1023 1025 1238 1077 decreto
1283 1024 1560 1077 conciliari
1598 1023 2081 1076 traditionalismus
2111 1020 2291 1072 mitior

71 1114 342 1178 tangatur.
387 1110 524 1162 Cum
553 1110 686 1162 haec
715 1110 959 1161 doctrina
987 1126 1049 1161 eo
1078 1110 1434 1173 contineatur,
1476 1113 1534 1159 ut
1572 1108 1730 1159 homo
1761 1107 1970 1158 dicatur
1999 1123 2106 1156 non
2135 1120 2291 1174 posse

73 1193 307 1245 naturali
333 1194 554 1246 rationis
575 1194 777 1245 lumine
798 1193 865 1245 ad
885 1198 1087 1245 certam
1108 1193 1213 1244 Dei
1232 1192 1597 1261 cognitionem
1620 1191 1926 1261 pervenire,
1951 1190 2051 1241 nisi
2074 1190 2292 1240 iuvetur

73 1276 197 1329 idea
222 1277 328 1330 Dei
367 1278 422 1328 in
449 1278 706 1329 societate
742 1277 979 1328 humana
1007 1276 1302 1328 exsistente
1345 1281 1397 1327 et
1424 1275 1529 1327 fide
1557 1275 1748 1327 saltem
1776 1275 2014 1325 humana
2052 1277 2291 1341 recepta,

74 1377 138 1413 eo
179 1379 347 1430 usque
388 1361 666 1413 conciliari
707 1361 925 1412 decreto
966 1377 1074 1411 non
1116 1360 1347 1428 petitur,
1402 1376 1680 1428 quousque
1721 1376 1830 1409 non
1872 1356 2151 1409 contendit
2191 1372 2292 1407 nec

72 1446 344 1514 supponit,
384 1445 563 1497 ideam
603 1445 751 1497 illam
793 1445 1037 1496 societati
1066 1445 1334 1495 humanae
1376 1444 1711 1495 revelatione
1748 1440 2146 1511 supernaturali
2185 1444 2291 1490 tra-

71 1527 256 1593 ditam,
298 1528 392 1580 sed
434 1528 607 1594 docet,
647 1529 794 1580 illam
835 1528 901 1579 ab
943 1545 1006 1579 ea
1046 1527 1281 1579 naturali
1322 1527 1555 1596 quadam
1596 1528 1684 1578 via
1724 1531 2003 1593 acceptam
2044 1540 2177 1575 esse.
2234 1522 2291 1574 Si

69 1628 196 1663 vero
237 1612 352 1663 eius
380 1612 616 1664 asseclae
647 1611 859 1678 docent,
899 1611 1078 1663 ideam
1106 1611 1255 1662 illam
1285 1610 1619 1663 revelatione
1647 1614 2014 1678 comparatam
2044 1625 2160 1659 esse
2189 1623 2289 1658 nec

71 1694 228 1747 aliter
279 1696 580 1765 comparari
620 1696 888 1765 potuisse,
941 1695 1209 1765 principio
1262 1712 1293 1746 a
1334 1693 1576 1746 Concilio
1629 1699 1829 1745 statuto
1884 1691 2290 1745 contradicunt:

71 1778 365 1847 principiO,
407 1796 510 1848 quo
552 1778 711 1830 homo
753 1779 866 1830 solo
909 1778 1142 1830 naturali
1182 1778 1404 1830 rationis
1444 1778 1649 1829 lumine
1691 1794 1753 1828 ac
1789 1777 1905 1829 sine
1944 1774 2290 1827 revelationis

70 1860 381 1914 adiumento
422 1861 491 1913 ad
532 1867 733 1914 certam
773 1862 879 1914 Dei
917 1862 1280 1930 cognitionem
1321 1862 1608 1931 pervenire
1650 1877 1805 1930 posse
1847 1860 2043 1911 dicitur
2062 1857 2099 1909 3.

215 2044 229 2070 ¹
266 2044 327 2091 In
364 2045 714 2092 emendatione
740 2050 902 2091 octavo
938 2043 1048 2090 loco
1086 2043 1346 2105 proposita
1383 2042 1460 2101 (O.
1497 2043 1557 2089 V.
1600 2041 1751 2100 12la)
1788 2043 2075 2103 petebatur,
2113 2045 2169 2087 ut
2205 2041 2293 2088 ad-

71 2120 277 2167 deretur
311 2123 426 2181 post
476 2136 531 2180 „e
567 2122 719 2168 rebus
757 2117 995 2167 creatis“:
1050 2119 1206 2179 „citra
1250 2118 1525 2180 quamlibet
1573 2119 1632 2165 de
1668 2119 1775 2165 Deo
1825 2119 2063 2165 traditam
2107 2117 2291 2164 doctri-

69 2193 232 2243 nam“.
302 2196 448 2251 Quod
496 2197 535 2243 si
572 2200 829 2256 receptum
877 2199 1036 2255 esset,
1085 2196 1191 2256 ipse
1229 2195 1683 2241 traditionalismus
1720 2194 1889 2241 mitior
1927 2194 2118 2242 directe
2157 2197 2290 2241 esset

69 2272 322 2319 exclusus.
359 2300 419 2307 —
459 2271 623 2320 Tertia
660 2271 942 2319 emendatio
981 2272 1104 2318 haec
1142 2275 1275 2318 erat:
1320 2271 1540 2331 „Eadem
1578 2271 1624 2318 S.
1651 2271 1814 2317 Mater
1841 2271 2069 2317 Ecclesia
2105 2269 2290 2317 Catho-

69 2346 166 2395 lica
200 2350 340 2395 tenet
386 2363 444 2394 ac
493 2348 667 2407 docet,
720 2348 881 2394 Deum
932 2363 1100 2394 rerum
1151 2346 1372 2393 omnium
1424 2348 1722 2408 principium
1775 2350 1824 2393 et
1868 2346 2017 2393 finem
2069 2346 2291 2393 naturali

69 2424 279 2471 rationis
304 2424 491 2471 lumine
517 2425 575 2470 ab
599 2424 783 2471 homme
808 2426 857 2470 in
881 2425 1098 2471 societate
1123 2423 1289 2471 adulto
1316 2439 1337 2469 e
1359 2423 1502 2469 rebus
1526 2425 1699 2470 creatis
1725 2424 1959 2483 cognosci
1991 2438 2136 2484 posse
2163 2419 2287 2469 etc.“

68 2526 131 2534 —·
174 2499 359 2557 Quarta
394 2501 774 2561 proponebatur
809 2500 933 2547 haec
970 2499 1210 2547 formula:
1251 2535 1291 2559 „.
1330 2535 1340 2546 .
1380 2536 1390 2546 .
1429 2500 1590 2559 docet,
1627 2500 1879 2546 hominem
1913 2501 2121 2547 rationis
2158 2514 2289 2545 exer-

69 2577 178 2623 cicio
211 2577 462 2636 fruentem
509 2591 655 2638 posse
690 2576 853 2622 Deum
891 2611 902 2623 .
930 2610 940 2622 .
970 2612 980 2622 .
1016 2575 1240 2622 naturali
1285 2577 1439 2635 ipsius
1474 2576 1684 2623 rationis
1735 2577 1923 2623 lumine
1963 2614 1971 2623 .
2011 2614 2020 2623 .
2061 2613 2070 2623 .
2109 2590 2290 2636 cogno-

70 2649 254 2698 scere.“
329 2650 404 2710 (O.
441 2652 502 2699 V.
542 2652 714 2709 120d.)
784 2652 914 2712 Ipsis
963 2652 1040 2698 his
1076 2652 1275 2711 verbis,
1328 2652 1423 2698 nisi
1459 2652 1667 2698 accedat
1709 2652 1913 2698 aliunde
1960 2652 2289 2714 proponentis

71 2727 370 2787 explicatio,
406 2742 505 2773 non
542 2731 708 2787 patet,
746 2728 1121 2774 emendatorem
1158 2729 1343 2775 favisse
1380 2728 1803 2774 traditionalismo
1840 2728 2117 2775 moderato.
2187 2728 2290 2773 Ho-

69 2803 276 2863 minem,
325 2804 410 2864 qui
444 2803 655 2850 rationis
692 2804 934 2850 exercitio
971 2819 1072 2850 non
1108 2805 1340 2863 fruatur,
1393 2805 1556 2850 Deum
1605 2808 1743 2851 certo
1781 2819 2087 2865 cognoscere
2123 2819 2287 2865 posse,

68 2879 296 2938 profecto
332 2893 431 2925 non
468 2878 703 2926 definitur
739 2895 768 2925 a
793 2878 1032 2926 Concilio,
1080 2880 1305 2926 Eatenus
1343 2885 1511 2926 tamen
1550 2881 1833 2927 emendatio
1862 2881 2059 2941 signum
2096 2880 2287 2927 favoris

69 2954 479 3001 traditionalismi
523 2955 737 3002 mitioris
789 2955 1048 3002 continere
1084 2956 1243 3002 videri
1279 2959 1475 3017 potest,
1529 2960 1809 3016 quatenus,
1863 2956 1997 3017 quod
2047 2956 2287 3017 explicite

67 3030 185 3077 addi
218 3031 342 3091 vult,
379 3031 664 3078 necessario
702 3047 731 3077 a
766 3031 1302 3079 semitraditionalistis
1338 3032 1386 3078 vi
1423 3032 1712 3093 systematis
1747 3032 2076 3093 premendum
2118 3037 2209 3080 est.

214 3106 229 3132 ²
266 3107 464 3154 Relatio
502 3111 593 3154 etc.
665 3107 718 3155 C.
755 3107 817 3155 V.
858 3108 992 3154 130d
1030 3124 1102 3170 sq.

214 3181 229 3207 3
268 3181 343 3230 Of.
389 3182 536 3230 Ratio
586 3187 678 3230 etc.
750 3182 803 3230 O.
853 3183 914 3230 V.
965 3186 1079 3230 790.
1110 3184 1155 3232 d.
1225 3183 1300 3231 Of.
1350 3199 1497 3245 supra
1548 3200 1594 3245 p.
1633 3187 1708 3232 33.
1758 3210 1819 3216 —-
1865 3184 2050 3240 Quaeri
2098 3189 2286 3246 posset,

68 3272 189 3304 num
236 3259 784 3306 semitraditionalistae
829 3259 877 3306 vi
925 3275 1044 3307 suae
1083 3260 1340 3306 doctrinae
1378 3260 1438 3306 ad
1488 3261 1926 3322 supernaturalem
1965 3262 2057 3308 Dei
2095 3262 2288 3309 revela-

69 3332 257 3380 tionem
283 3334 556 3395 confugere
583 3340 845 3396 cogantur,
873 3339 930 3382 ut
955 3335 1340 3397 possibilitatem
1360 3339 1530 3383 certae
1548 3337 1641 3383 Dei
1667 3337 1970 3398 cognitionis
1996 3337 2282 3384 admittant.

70 3407 131 3454 Id
165 3408 287 3454 mihi
320 3424 421 3456 non
460 3410 676 3457 videtur.
747 3410 980 3471 Singulas
1025 3411 1381 3471 generationes
1430 3412 1604 3458 dicunt
1641 3416 1910 3474 propterea
1946 3413 2107 3459 Deum
2157 3413 2286 3460 exsi-

71 3487 205 3530 stere
252 3489 388 3532 certo
440 3500 774 3546 cognoscere,
827 3487 945 3547 quia
995 3488 1056 3534 ab
1108 3487 1527 3536 antecedentibus
1573 3489 1989 3548 generationibus
2039 3490 2284 3536 educatae

70 3559 343 3606 traditione
377 3561 597 3609 humana
627 3563 791 3608 ideam
817 3562 911 3608 Dei
940 3567 1260 3623 acceperunt.
1307 3565 1488 3625 Itaque
1528 3565 1806 3626 quaeritur,
1846 3565 2095 3625 quomodo
2135 3565 2282 3625 primi

71 3634 297 3682 homiues
323 3651 429 3682 eam
457 3638 759 3698 acceperint.
798 3638 865 3684 Hi
891 3654 1004 3684 cum
1030 3640 1325 3699 corporibus
1351 3640 1498 3701 plene
1525 3641 1740 3687 evolutis
1768 3656 1796 3687 a
1814 3641 1919 3687 Deo
1947 3641 2119 3701 creati,
2148 3642 2283 3702 quod

72 3711 276 3770 posteri,
314 3711 429 3758 dum
468 3712 780 3774 adolescunt,
819 3715 1117 3761 educatione
1142 3716 1412 3776 accipiunt,
1450 3732 1478 3762 a
1502 3716 1628 3775 Deo,
1666 3732 1777 3762 cum
1806 3721 2118 3776 crearentur,
2157 3717 2285 3764 acci-

72 3801 188 3847 pere
215 3788 479 3835 debebant.
539 3787 758 3836 Scientia
793 3791 947 3851 igitur
983 3791 1042 3836 iis
1068 3791 1380 3838 infundenda
1413 3795 1538 3838 erat.
1585 3792 1725 3839 Haec
1750 3797 1919 3839 autem
1947 3793 2187 3840 scientiae
2212 3794 2284 3840 in-

71 3862 203 3909 fusio
238 3878 337 3910 non
374 3867 483 3910 erat
519 3866 917 3925 supernaturalis
953 3866 1212 3926 revelatio,
1251 3868 1338 3914 sed
1373 3868 1546 3929 primis
1582 3868 1868 3916 hominibus
1905 3874 2112 3930 propter
2137 3873 2284 3917 natu-

72 3937 228 3985 ralem
253 3954 427 3986 eorum
465 3940 768 4001 exigentiam
806 3942 976 3989 debita
1010 3958 1102 3989 nec
1139 3943 1297 4004 magis
1336 3944 1737 4004 supernaturalis
1762 3959 1912 4006 quam
1937 3945 2045 4006 ipsa
2072 3946 2280 4007 creatio,
