2548 4290
207 147 238 198 8
1167 140 1511 193 Prolegomena.

1295 330 1386 398 Π.

292 475 344 546 Ε
394 474 630 567 quibus
680 471 1085 546 documentis
1134 469 1687 543 Constitutionum
1736 469 2207 562 explicationes
2254 469 2375 541 hoc

1065 575 1231 646 libro
1277 576 1601 666 petantur.

350 727 548 780 Omnia
591 727 936 795 documenta,
979 727 1177 797 quibus
1219 728 1273 778 in
1316 725 1664 795 explicandis
1708 724 2210 778 Constitutionibus
2251 724 2476 795 dogma-

200 813 320 866 ticis
350 812 580 866 Concilii
611 812 868 864 Vaticani
897 820 1132 878 utemur,
1162 813 1350 863 insunt
1378 811 1613 881 septimo
1646 817 1793 863 tomo
1826 810 2184 863 Collectionis
2211 810 2478 863 Lacensis

200 902 255 951 et
295 898 454 962 libro,
498 915 663 967 quem
705 897 1084 966 inscripsimus
1126 897 1284 963 „Actu
1325 902 1368 949 ei
1407 896 1605 948 decreta
1645 897 1961 948 sacrosancti
1998 897 2308 949 oecumenici
2351 894 2479 948 Con·

198 984 307 1035 ciiii
356 983 636 1046 Vutiwnff‘,
692 983 784 1052 qui
827 983 1050 1053 quidem
1103 983 1246 1035 liber
1288 987 1369 1035 est
1409 983 1528 1053 ipse
1570 982 1838 1051 septimus
1893 986 2076 1034 tomus
2119 980 2477 1034 Collectionis

198 1067 461 1120 Lacensis
503 1086 534 1119 a
575 1067 732 1120 nobis
774 1069 1073 1137 separatim
1117 1068 1316 1121 editus.

348 1153 500 1206 Inter
528 1153 623 1205 illa
651 1153 984 1205 documenta
1013 1154 1190 1224 primo
1234 1154 1354 1206 loco
1385 1153 1874 1206 commemoranda
1903 1158 2030 1205 sunt
2060 1152 2168 1205 duo
2196 1151 2469 1205 Constitu·

198 1237 409 1290 tionum
438 1238 718 1290 schemata
758 1256 789 1290 a
831 1239 1217 1291 commissione
1261 1239 1576 1308 dogmatica
1605 1239 1997 1309 theologorum
2038 1242 2164 1291 ante
2194 1238 2471 1308 inceptum

201 1323 509 1376 Concilium
539 1328 747 1394 parata,
779 1343 806 1377 e
838 1325 1036 1395 quibus
1066 1324 1503 1377 Constitutiones
1534 1325 1904 1394 dogmaticae,
1936 1342 2075 1394 quae
2107 1324 2472 1376 conciliariter

199 1409 440 1462 sancitae
469 1415 613 1476 sunt,
649 1411 1001 1480 prodierunt:
1043 1411 1258 1463 Schema
1290 1411 1678 1464 Constitutionis
1705 1411 2020 1480 docmaticue
2047 1410 2107 1462 de
2135 1409 2370 1462 doctrina
2397 1427 2475 1462 ca-

197 1496 381 1548 tholica
408 1502 586 1547 contra
627 1497 929 1565 multiplices
969 1514 1173 1550 errores
1200 1516 1260 1549 ex
1286 1498 1647 1550 rationulismo
1686 1497 1940 1550 derivatos
1963 1496 1980 1528 1
2022 1503 2076 1549 et
2101 1496 2319 1549 Schema
2349 1495 2476 1549 Con-

196 1581 473 1632 stitutionis
512 1580 825 1650 doytnoticae
862 1581 923 1634 cle
950 1582 1178 1635 Ecclesia
1220 1581 1467 1637 Christi?
1524 1583 1627 1635 His
1669 1583 1967 1653 multisque
2007 1582 2474 1648 annotationibUS,

199 1683 333 1735 quas
374 1666 620 1736 theologi
658 1667 724 1719 iis
765 1667 1090 1720 adiecerunt
1110 1666 1146 1735 3,
1189 1686 1299 1720 non
1336 1668 1513 1721 solum
1550 1667 2068 1735 Constitutionibus,
2113 1685 2253 1738 quae
2298 1684 2473 1737 paene

196 1754 346 1803 totae
390 1768 459 1802 ex
502 1751 566 1803 iis
609 1751 945 1818 derivantur,
989 1752 1296 1805 affunditur
1324 1753 1438 1819 lux,
1483 1772 1589 1823 qua
1630 1772 1821 1806 sensus
1863 1771 2050 1807 rerum
2078 1753 2143 1805 iis
2168 1753 2477 1823 proposita-

198 1853 319 1886 rum
348 1836 669 1903 illustratur,
712 1837 810 1890 sed
852 1838 1019 1890 etiam
1047 1839 1328 1891 uberrima
1358 1839 1667 1892 offeruntur
1696 1839 1942 1891 subsidia
1983 1845 2037 1891 et
2080 1837 2395 1908 dogmatica
2423 1843 2478 1890 et

199 1920 460 1973 historica
502 1922 570 1974 ad
614 1940 827 1976 errores
870 1928 923 1976 et
965 1924 1259 1991 doctrinas,
1302 1924 1370 1977 de
1415 1924 1613 1995 quibus
1654 1925 1711 1977 in
1741 1923 2242 1977 Constitutionibus
2276 1923 2477 1993 agitur,

199 2007 611 2075 cognoscendas
654 2026 856 2079 easque
886 2010 974 2062 vel
1016 2010 1331 2080 probandas
1361 2011 1452 2062 vel
1478 2010 1819 2063 refutandas,
1876 2010 2060 2072 Quum
2088 2013 2340 2063 nostrum
2367 2026 2478 2062 non

198 2095 310 2143 tam
351 2092 434 2159 sit,
477 2111 563 2145 res
592 2093 1087 2148 Constitutionibus
1116 2096 1427 2166 propositas
1456 2096 1692 2167 probare
1721 2114 1886 2167 quam
1916 2096 2212 2161 illustrare,
2256 2095 2312 2147 in
2342 2095 2479 2148 reci-

198 2176 414 2246 piendis
456 2178 546 2246 iis,
601 2180 798 2250 quibus
841 2180 1125 2234 doctrinae
1179 2183 1243 2234 iis
1296 2183 1612 2252 propositae
1656 2182 1960 2251 probantur
2014 2182 2103 2234 vel
2158 2199 2373 2234 errores
2414 2181 2479 2232 iis

198 2261 388 2314 reiecti
429 2263 758 2333 refutantur,
802 2266 1026 2319 modum
1068 2266 1333 2319 adhibere
1378 2266 1685 2319 debuimus,
1753 2267 1963 2320 Facere
2007 2273 2191 2318 tamen
2233 2284 2344 2319 non
2384 2284 2480 2336 po-

197 2347 419 2415 tuimUS,
463 2350 593 2418 quin
621 2350 915 2420 aliquoties
957 2353 1120 2404 etiam
1154 2370 1219 2404 ea
1247 2357 1577 2423 argumenta
1604 2356 1759 2404 tanta
1790 2352 2100 2405 eruditione
2129 2357 2242 2404 tam
2282 2352 2481 2405 acriter

199 2435 364 2502 atque
408 2434 477 2486 ad
518 2454 632 2488 rem
675 2437 1087 2490 accommodate
1129 2443 1394 2507 congesta
1433 2439 1837 2508 reciperemus,
1897 2438 2095 2508 quibus
2137 2439 2312 2508 magis
2355 2437 2481 2490 doc-

201 2517 343 2569 trina
365 2517 831 2574 Constitutionum
856 2523 1080 2592 probari
1104 2541 1268 2593 quam
1297 2541 1486 2575 earum
1510 2524 1818 2576 sententiae
1841 2523 2106 2576 illustrari
2125 2522 2477 2575 videbantur.

350 2605 604 2658 Alterum
648 2607 1071 2676 documentum,
1122 2627 1229 2679 quo
1284 2610 1367 2661 usi
1408 2628 1625 2677 511111115,
1680 2615 1762 2662 est
1801 2609 2142 2662 Protocollum
2193 2609 2479 2661 sessionum

200 2686 540 2757 deputationis
568 2692 628 2745 cle
660 2693 787 2763 fide.
851 2694 1013 2755 Quod
1035 2696 1370 2763 protocollum
1398 2695 1579 2765 ipsum
1622 2695 1677 2746 in
1707 2695 1928 2747 archivo
1961 2694 2192 2747 Concilii
2221 2693 2481 2746 Vaticani

202 2774 591 2831 consuluimus,
647 2779 765 2830 Iam
809 2780 908 2832 etsi
951 2798 1061 2832 non
1104 2780 1320 2832 licuerit
1361 2798 1462 2833 nec
1506 2781 1804 2833 convenire
1834 2781 2013 2832 visum
2043 2781 2130 2847 sit,
2173 2781 2354 2851 ipsum
2384 2797 2481 2832 seu

200 2856 318 2926 ipsa
359 2865 478 2913 acta
517 2863 820 2916 sessionum
862 2882 985 2916 cum
1026 2865 1309 2933 omnibuS,
1353 2884 1495 2936 quae
1537 2866 1851 2933 continent,
1895 2865 2210 2919 nominibus
2251 2866 2308 2917 in
2355 2863 2481 2917 Col-

199 2943 435 2998 lectione
477 2946 710 3001 Lacensi
755 2950 953 3019 edere,
1006 2951 1390 3005 liberalissime
1433 2958 1619 3004 tamen
1672 2952 1830 3005 nobis
1883 2952 2211 3022 permissum
2255 2957 2367 3017 est,
2421 2954 2483 3002 ut

203 3031 402 3098 omnia,
446 3051 585 3103 quae
627 3035 696 3087 ad
727 3035 1161 3090 Constitutiones
1204 3037 1566 3109 explicandas
1601 3039 1722 3092 usui
1765 3056 1882 3090 esse
1925 3042 2166 3109 possent,
2207 3037 2482 3107 recipere-

203 3133 340 3168 mus.
412 3117 532 3178 Qua
573 3125 842 3189 potestate
884 3123 960 3176 ita
1001 3124 1085 3176 usi
1126 3142 1332 3190 sumne„
1375 3129 1434 3175 ut
1477 3125 1615 3177 nihil
1656 3125 1821 3195 plane
1865 3142 1935 3176 ex
1977 3124 2041 3175 iis
2083 3122 2480 3188 omitteremus,

205 3218 344 3271 quae
387 3204 595 3274 aliquid
634 3206 772 3260 lucis
803 3208 1301 3262 Constitutionibus
1343 3209 1714 3263 affunderent.
1781 3209 1961 3271 Quum
2005 3213 2190 3261 autem
2232 3207 2299 3260 de
2343 3207 2480 3259 eius-

206 3285 330 3339 dem
374 3287 746 3357 deputationis
799 3294 1133 3347 sessionibus
1184 3301 1404 3363 praeter
1458 3296 1577 3366 ipsa
1619 3313 1810 3348 earum
1867 3297 1992 3347 acta
2032 3313 2064 3347 a
2105 3292 2481 3363 deputationis

204 3375 500 3427 secretario
557 3378 759 3448 scripta
815 3380 978 3431 etiam
1038 3379 1274 3433 diarium
1329 3382 1492 3433 unius
1549 3399 1578 3433 e
1622 3380 1899 3450 deputatis
1940 3380 2087 3431 nacti
2129 3379 2330 3445 simus,
2385 3377 2481 3430 illa

205 3456 307 3509 hoc
349 3461 752 3530 supplevimUS,
809 3465 886 3517 ita
926 3471 986 3517 ut
1028 3467 1424 3519 documentum
1466 3471 1642 3520 totum
1696 3465 2154 3518 inscriberemus:
2217 3463 2481 3529 Quomodo

203 3543 349 3595 electu
388 3547 452 3597 sit
488 3545 745 3616 deputatio
776 3568 878 3618 pro
918 3552 1071 3604 rebus
1110 3553 1183 3604 ad
1220 3552 1389 3621 fidem
1426 3552 1835 3622 pertinentibus,
1875 3567 2104 3621 quaeque
2143 3551 2200 3602 in
2239 3551 2349 3602 eius
2386 3566 2483 3602 ses-

203 3629 431 3682 sionibus
459 3638 571 3684 acz‘a
596 3635 729 3686 sint:
767 3639 1007 3688 narratio
1047 3655 1108 3690 ex
1137 3640 1374 3707 &surum
1414 3639 1697 3690 sessionum
1737 3637 1863 3688 actis
1902 3640 1944 3687 ei
1982 3654 2042 3687 ea:
2071 3636 2230 3687 unius
2253 3634 2478 3686 Patrum

206 3710 567 3782 deputatorum
608 3718 815 3772 diurnis
854 3725 1239 3777 commentariis
1279 3724 1550 3793 desumpta
1568 3722 1603 3775 ⁴.
1658 3721 1813 3782 Quae
1855 3720 2158 3790 inscriptio,
2199 3737 2368 3790 quum
2410 3718 2480 3771 ad

358 3879 371 3904 ¹
412 3878 464 3927 C.
504 3880 565 3927 V.
605 3883 747 3929 507d
785 3899 894 3946 sqq.
1078 3884 1093 3910 ²
1134 3886 1267 3934 Ibid.
1306 3888 1444 3934 5671)
1484 3901 1595 3949 sqq.

357 3958 372 3984 3
411 3960 541 4009 Ibid.
581 3964 722 4010 olsd
760 3980 869 4027 sqq.
909 3966 1049 4013 578b
1090 3983 1200 4030 sqq.
1382 3967 1401 3995 4
1438 3969 1570 4017 Ibid.
1612 3969 1782 4015 1646a
1822 3983 1931 4030 sqq.
