<?xml version="1.0" encoding="UTF-8"?>
<!DOCTYPE html PUBLIC "-//W3C//DTD XHTML 1.0 Transitional//EN"
    "http://www.w3.org/TR/xhtml1/DTD/xhtml1-transitional.dtd">
<html xmlns="http://www.w3.org/1999/xhtml" xml:lang="en" lang="en">
 <head>
  <title>
</title>
<meta http-equiv="Content-Type" content="text/html;charset=utf-8" />
  <meta name='ocr-system' content='tesseract 3.04.00' />
  <meta name='ocr-capabilities' content='ocr_page ocr_carea ocr_par ocr_line ocrx_word'/>
</head>
<body>
  <div class='ocr_page' id='page_1' title='image "a584483100granuoft_0239.png"; bbox 0 0 2548 4290; ppageno 0'>
   <div class='ocr_carea' id='block_1_1' title="bbox 0 0 81 1514">
    <p class='ocr_par' dir='ltr' id='par_1_1' title="bbox 0 0 81 1514">
     <span class='ocr_line' id='line_1_1' title="bbox 0 0 81 1514; baseline 0 0"><span class='ocrx_word' id='word_1_1' title='bbox 0 0 81 1514; x_wconf 95' lang='lat' dir='ltr'> </span> 
     </span>
    </p>
   </div>
   <div class='ocr_carea' id='block_1_2' title="bbox 0 1277 32 2332">
    <p class='ocr_par' dir='ltr' id='par_1_2' title="bbox 0 1277 32 2332">
     <span class='ocr_line' id='line_1_2' title="bbox 0 1277 32 2332; textangle 90"><span class='ocrx_word' id='word_1_2' title='bbox 8 2329 11 2332; x_wconf 36' lang='grc' dir='ltr'><em>ν</em></span> <span class='ocrx_word' id='word_1_3' title='bbox 3 2287 25 2315; x_wconf 54' lang='grc' dir='ltr'>μ»,</span> <span class='ocrx_word' id='word_1_4' title='bbox 0 2122 25 2268; x_wconf 48' lang='lat' dir='ltr'>ffloeqlssvn</span> <span class='ocrx_word' id='word_1_5' title='bbox 0 1459 26 2110; x_wconf 33' lang='lat' dir='ltr'>*⁴041.&lt;ffl.4eg2vffiffl²webswffflnaar-:Jsjvae’t-,zmm</span> <span class='ocrx_word' id='word_1_6' title='bbox 0 1401 30 1412; x_wconf 28' lang='lat' dir='ltr'>„j</span> <span class='ocrx_word' id='word_1_7' title='bbox 0 1348 16 1390; x_wconf 66' lang='lat'>‹22›-</span> <span class='ocrx_word' id='word_1_8' title='bbox 28 1328 32 1333; x_wconf 79' lang='lat'>.</span> <span class='ocrx_word' id='word_1_9' title='bbox 0 1277 32 1313; x_wconf 45' lang='lat' dir='ltr'>s*</span> 
     </span>
    </p>
   </div>
   <div class='ocr_carea' id='block_1_3' title="bbox 661 140 2307 197">
    <p class='ocr_par' dir='ltr' id='par_1_3' title="bbox 661 140 2307 197">
     <span class='ocr_line' id='line_1_3' title="bbox 661 140 2307 197; baseline 0.007 -18"><span class='ocrx_word' id='word_1_10' title='bbox 661 140 771 179; x_wconf 84' lang='lat' dir='ltr'>Eius</span> <span class='ocrx_word' id='word_1_11' title='bbox 804 152 901 193; x_wconf 85' lang='lat' dir='ltr'>cap.</span> <span class='ocrx_word' id='word_1_12' title='bbox 932 140 1013 179; x_wconf 92' lang='grc' dir='ltr'>ΙΙΙ.</span> <span class='ocrx_word' id='word_1_13' title='bbox 1067 141 1136 181; x_wconf 94' lang='lat' dir='ltr'>De</span> <span class='ocrx_word' id='word_1_14' title='bbox 1167 142 1393 184; x_wconf 85' lang='lat' dir='ltr'>Primatus</span> <span class='ocrx_word' id='word_1_15' title='bbox 1421 146 1468 183; x_wconf 87' lang='lat' dir='ltr'>vi</span> <span class='ocrx_word' id='word_1_16' title='bbox 1499 155 1551 184; x_wconf 89' lang='lat' dir='ltr'>ac</span> <span class='ocrx_word' id='word_1_17' title='bbox 1581 147 1765 186; x_wconf 82' lang='lat' dir='ltr'>ratione.</span> <span class='ocrx_word' id='word_1_18' title='bbox 2205 147 2307 197; x_wconf 74' lang='lat'>225</span> 
     </span>
    </p>
   </div>
   <div class='ocr_carea' id='block_1_4' title="bbox 32 283 2308 853">
    <p class='ocr_par' dir='ltr' id='par_1_4' title="bbox 1 281 2308 853">
     <span class='ocr_line' id='line_1_4' title="bbox 38 283 2308 359; baseline 0.003 -22"><span class='ocrx_word' id='word_1_19' title='bbox 38 317 69 359; x_wconf 18' lang='grc' dir='ltr'>ς,</span> <span class='ocrx_word' id='word_1_20' title='bbox 104 284 374 354; x_wconf 82' lang='lat' dir='ltr'>Episcopi,</span> <span class='ocrx_word' id='word_1_21' title='bbox 416 285 507 354; x_wconf 89' lang='lat' dir='ltr'>qui</span> <span class='ocrx_word' id='word_1_22' title='bbox 545 284 705 353; x_wconf 91' lang='lat' dir='ltr'>positi</span> <span class='ocrx_word' id='word_1_23' title='bbox 744 301 775 335; x_wconf 93' lang='lat' dir='ltr'>a</span> <span class='ocrx_word' id='word_1_24' title='bbox 815 283 1019 352; x_wconf 76' lang='lat' dir='ltr'><strong>Spiritu</strong></span> <span class='ocrx_word' id='word_1_25' title='bbox 1062 285 1260 338; x_wconf 83' lang='lat' dir='ltr'>Sancto</span> <span class='ocrx_word' id='word_1_26' title='bbox 1300 287 1354 337; x_wconf 90' lang='lat' dir='ltr'>in</span> <span class='ocrx_word' id='word_1_27' title='bbox 1394 287 1781 355; x_wconf 78' lang='lat' dir='ltr'>Apostolorum</span> <span class='ocrx_word' id='word_1_28' title='bbox 1820 288 1999 340; x_wconf 91' lang='lat' dir='ltr'>locum</span> <span class='ocrx_word' id='word_1_29' title='bbox 2040 308 2308 345; x_wconf 87' lang='lat' dir='ltr'>successe-</span> 
     </span>
     <span class='ocr_line' id='line_1_5' title="bbox 37 360 2306 442; baseline 0.003 -23"><span class='ocrx_word' id='word_1_30' title='bbox 37 360 45 411; x_wconf 68' lang='lat' dir='ltr'><em>s</em></span> <span class='ocrx_word' id='word_1_31' title='bbox 103 373 253 432; x_wconf 89' lang='lat' dir='ltr'>runt,</span> <span class='ocrx_word' id='word_1_32' title='bbox 308 373 581 436; x_wconf 80' lang='lat' dir='ltr'><strong>tamquam</strong></span> <span class='ocrx_word' id='word_1_33' title='bbox 619 367 733 418; x_wconf 87' lang='lat' dir='ltr'>veri</span> <span class='ocrx_word' id='word_1_34' title='bbox 773 371 1012 435; x_wconf 90' lang='lat' dir='ltr'>pastores</span> <span class='ocrx_word' id='word_1_35' title='bbox 1053 369 1349 436; x_wconf 90' lang='lat' dir='ltr'>assignatos</span> <span class='ocrx_word' id='word_1_36' title='bbox 1389 369 1489 421; x_wconf 90' lang='lat' dir='ltr'>sibi</span> <span class='ocrx_word' id='word_1_37' title='bbox 1529 387 1750 438; x_wconf 80' lang='lat' dir='ltr'>gregeS,</span> <span class='ocrx_word' id='word_1_38' title='bbox 1803 372 2000 440; x_wconf 88' lang='lat' dir='ltr'>singuli</span> <span class='ocrx_word' id='word_1_39' title='bbox 2051 374 2306 442; x_wconf 78' lang='lat' dir='ltr'>singUIOS,</span> 
     </span>
     <span class='ocr_line' id='line_1_6' title="bbox 37 450 2306 521; baseline 0.003 -17.987"><span class='ocrx_word' id='word_1_40' title='bbox 37 455 43 474; x_wconf 64' lang='grc'><strong>”</strong></span> <span class='ocrx_word' id='word_1_41' title='bbox 103 456 330 521; x_wconf 90' lang='lat' dir='ltr'>pascunt</span> <span class='ocrx_word' id='word_1_42' title='bbox 368 455 422 503; x_wconf 91' lang='lat' dir='ltr'>et</span> <span class='ocrx_word' id='word_1_43' title='bbox 460 453 682 519; x_wconf 90' lang='lat' dir='ltr'>regunt,</span> <span class='ocrx_word' id='word_1_44' title='bbox 723 454 782 500; x_wconf 92' lang='lat' dir='ltr'>ut</span> <span class='ocrx_word' id='word_1_45' title='bbox 823 450 1012 502; x_wconf 92' lang='lat' dir='ltr'>eadem</span> <span class='ocrx_word' id='word_1_46' title='bbox 1052 468 1082 502; x_wconf 92' lang='lat' dir='ltr'>a</span> <span class='ocrx_word' id='word_1_47' title='bbox 1122 469 1373 521; x_wconf 89' lang='lat' dir='ltr'>supremo</span> <span class='ocrx_word' id='word_1_48' title='bbox 1414 458 1468 503; x_wconf 91' lang='lat' dir='ltr'>et</span> <span class='ocrx_word' id='word_1_49' title='bbox 1507 453 1798 504; x_wconf 84' lang='lat' dir='ltr'>universali</span> <span class='ocrx_word' id='word_1_50' title='bbox 1838 454 2062 507; x_wconf 88' lang='lat' dir='ltr'>Pastore</span> <span class='ocrx_word' id='word_1_51' title='bbox 2104 474 2306 509; x_wconf 90' lang='lat' dir='ltr'>assera-</span> 
     </span>
     <span class='ocr_line' id='line_1_7' title="bbox 32 532 2304 608; baseline 0.002 -22"><span class='ocrx_word' id='word_1_52' title='bbox 32 585 37 594; x_wconf 39' lang='lat'>,</span> <span class='ocrx_word' id='word_1_53' title='bbox 101 539 213 599; x_wconf 89' lang='lat' dir='ltr'>tur,</span> <span class='ocrx_word' id='word_1_54' title='bbox 254 534 537 586; x_wconf 79' lang='lat' dir='ltr'>roboretur</span> <span class='ocrx_word' id='word_1_55' title='bbox 577 550 637 584; x_wconf 90' lang='lat' dir='ltr'>ac</span> <span class='ocrx_word' id='word_1_56' title='bbox 677 532 982 584; x_wconf 90' lang='lat' dir='ltr'>vindicetur</span> <span class='ocrx_word' id='word_1_57' title='bbox 1003 532 1036 599; x_wconf 74' lang='lat'>¹,</span> <span class='ocrx_word' id='word_1_58' title='bbox 1087 535 1383 586; x_wconf 89' lang='lat' dir='ltr'>secundum</span> <span class='ocrx_word' id='word_1_59' title='bbox 1423 536 1555 586; x_wconf 85' lang='lat' dir='ltr'>illud</span> <span class='ocrx_word' id='word_1_60' title='bbox 1596 537 1765 587; x_wconf 91' lang='lat' dir='ltr'>sancti</span> <span class='ocrx_word' id='word_1_61' title='bbox 1803 536 2054 605; x_wconf 75' lang='lat' dir='ltr'>Gregorii</span> <span class='ocrx_word' id='word_1_62' title='bbox 2093 539 2304 608; x_wconf 81' lang='lat' dir='ltr'>Magni:</span> 
     </span>
     <span class='ocr_line' id='line_1_8' title="bbox 36 616 2307 685; baseline 0.003 -15.979"><span class='ocrx_word' id='word_1_63' title='bbox 36 679 39 685; x_wconf 63' lang='lat'>.</span> <span class='ocrx_word' id='word_1_64' title='bbox 99 617 254 670; x_wconf 86' lang='lat' dir='ltr'>Meus</span> <span class='ocrx_word' id='word_1_65' title='bbox 294 618 465 669; x_wconf 87' lang='lat' dir='ltr'>honor</span> <span class='ocrx_word' id='word_1_66' title='bbox 506 621 584 668; x_wconf 88' lang='lat' dir='ltr'>est</span> <span class='ocrx_word' id='word_1_67' title='bbox 624 616 795 677; x_wconf 90' lang='lat' dir='ltr'>honor</span> <span class='ocrx_word' id='word_1_68' title='bbox 833 617 1152 668; x_wconf 89' lang='lat' dir='ltr'>universalis</span> <span class='ocrx_word' id='word_1_69' title='bbox 1189 618 1484 670; x_wconf 78' lang='lat' dir='ltr'>Ecclesiae.</span> <span class='ocrx_word' id='word_1_70' title='bbox 1560 619 1713 671; x_wconf 80' lang='lat' dir='ltr'>Meus</span> <span class='ocrx_word' id='word_1_71' title='bbox 1753 619 1923 672; x_wconf 91' lang='lat' dir='ltr'>honor</span> <span class='ocrx_word' id='word_1_72' title='bbox 1963 628 2041 673; x_wconf 91' lang='lat' dir='ltr'>est</span> <span class='ocrx_word' id='word_1_73' title='bbox 2081 622 2307 675; x_wconf 79' lang='lat' dir='ltr'>fratrum</span> 
     </span>
     <span class='ocr_line' id='line_1_9' title="bbox 37 699 2307 774; baseline 0.002 -22"><span class='ocrx_word' id='word_1_74' title='bbox 37 728 41 732; x_wconf 41' lang='lat' dir='ltr'>v</span> <span class='ocrx_word' id='word_1_75' title='bbox 101 718 342 753; x_wconf 91' lang='lat' dir='ltr'>meorum</span> <span class='ocrx_word' id='word_1_76' title='bbox 392 699 593 751; x_wconf 89' lang='lat' dir='ltr'>solidus</span> <span class='ocrx_word' id='word_1_77' title='bbox 633 699 804 766; x_wconf 89' lang='lat' dir='ltr'>vigor.</span> <span class='ocrx_word' id='word_1_78' title='bbox 881 699 1020 750; x_wconf 83' lang='lat' dir='ltr'>Tum</span> <span class='ocrx_word' id='word_1_79' title='bbox 1071 717 1171 768; x_wconf 89' lang='lat' dir='ltr'>ego</span> <span class='ocrx_word' id='word_1_80' title='bbox 1222 718 1349 752; x_wconf 89' lang='lat' dir='ltr'>vere</span> <span class='ocrx_word' id='word_1_81' title='bbox 1389 701 1685 753; x_wconf 89' lang='lat' dir='ltr'>honoratus</span> <span class='ocrx_word' id='word_1_82' title='bbox 1725 720 1867 769; x_wconf 88' lang='lat' dir='ltr'>sum,</span> <span class='ocrx_word' id='word_1_83' title='bbox 1924 721 2043 755; x_wconf 90' lang='lat' dir='ltr'>cum</span> <span class='ocrx_word' id='word_1_84' title='bbox 2084 706 2307 774; x_wconf 85' lang='lat' dir='ltr'>singulis</span> 
     </span>
     <span class='ocr_line' id='line_1_10' title="bbox 100 782 1368 853; baseline -0.001 -18.072"><span class='ocrx_word' id='word_1_85' title='bbox 100 784 401 853; x_wconf 83' lang='lat' dir='ltr'>quibusque</span> <span class='ocrx_word' id='word_1_86' title='bbox 441 783 612 833; x_wconf 91' lang='lat' dir='ltr'>honor</span> <span class='ocrx_word' id='word_1_87' title='bbox 653 782 866 833; x_wconf 90' lang='lat' dir='ltr'>debitus</span> <span class='ocrx_word' id='word_1_88' title='bbox 907 800 1013 834; x_wconf 93' lang='lat' dir='ltr'>non</span> <span class='ocrx_word' id='word_1_89' title='bbox 1054 784 1368 851; x_wconf 80' lang='lat' dir='ltr'>negatura).</span> 
     </span>
    </p>
   </div>
   <div class='ocr_carea' id='block_1_5' title="bbox 245 864 2308 937">
    <p class='ocr_par' dir='ltr' id='par_1_5' title="bbox 245 864 2308 937">
     <span class='ocr_line' id='line_1_11' title="bbox 245 864 2308 937; baseline 0.003 -21"><span class='ocrx_word' id='word_1_90' title='bbox 245 864 341 934; x_wconf 81' lang='grc'>[4.]</span> <span class='ocrx_word' id='word_1_91' title='bbox 381 865 552 917; x_wconf 89' lang='lat' dir='ltr'>Porro</span> <span class='ocrx_word' id='word_1_92' title='bbox 581 883 650 917; x_wconf 84' lang='lat' dir='ltr'>ex</span> <span class='ocrx_word' id='word_1_93' title='bbox 687 883 938 933; x_wconf 89' lang='lat' dir='ltr'>suprema</span> <span class='ocrx_word' id='word_1_94' title='bbox 965 866 1058 917; x_wconf 90' lang='lat' dir='ltr'>illa</span> <span class='ocrx_word' id='word_1_95' title='bbox 1086 866 1319 918; x_wconf 85' lang='lat' dir='ltr'>Romani</span> <span class='ocrx_word' id='word_1_96' title='bbox 1348 866 1625 918; x_wconf 86' lang='lat' dir='ltr'>Pontificis</span> <span class='ocrx_word' id='word_1_97' title='bbox 1662 873 1926 935; x_wconf 76' lang='lat' dir='ltr'>potestate</span> <span class='ocrx_word' id='word_1_98' title='bbox 1968 870 2308 937; x_wconf 90' lang='lat' dir='ltr'>gubernandi</span> 
     </span>
    </p>
   </div>
   <div class='ocr_carea' id='block_1_6' title="bbox 24 948 2308 1271">
    <p class='ocr_par' dir='ltr' id='par_1_6' title="bbox 0 948 2308 1271">
     <span class='ocr_line' id='line_1_12' title="bbox 97 948 2308 1018; baseline 0.003 -17.748"><span class='ocrx_word' id='word_1_99' title='bbox 97 950 405 1002; x_wconf 88' lang='lat' dir='ltr'>universam</span> <span class='ocrx_word' id='word_1_100' title='bbox 444 948 745 999; x_wconf 85' lang='lat' dir='ltr'>Ecclesiam</span> <span class='ocrx_word' id='word_1_101' title='bbox 784 948 864 999; x_wconf 90' lang='lat' dir='ltr'>ius</span> <span class='ocrx_word' id='word_1_102' title='bbox 906 948 1081 1000; x_wconf 90' lang='lat' dir='ltr'>eidem</span> <span class='ocrx_word' id='word_1_103' title='bbox 1122 967 1237 1001; x_wconf 87' lang='lat' dir='ltr'>esse</span> <span class='ocrx_word' id='word_1_104' title='bbox 1268 950 1633 1018; x_wconf 87' lang='lat' dir='ltr'>consequitur,</span> <span class='ocrx_word' id='word_1_105' title='bbox 1675 950 1729 1000; x_wconf 91' lang='lat' dir='ltr'>in</span> <span class='ocrx_word' id='word_1_106' title='bbox 1755 951 1912 1002; x_wconf 88' lang='lat' dir='ltr'>huius</span> <span class='ocrx_word' id='word_1_107' title='bbox 1952 953 2033 1003; x_wconf 92' lang='lat' dir='ltr'>sui</span> <span class='ocrx_word' id='word_1_108' title='bbox 2071 956 2308 1006; x_wconf 87' lang='lat' dir='ltr'>muneris</span> 
     </span>
     <span class='ocr_line' id='line_1_13' title="bbox 97 1031 2307 1101; baseline 0.003 -17.748"><span class='ocrx_word' id='word_1_109' title='bbox 97 1032 357 1085; x_wconf 87' lang='lat' dir='ltr'>exercitio</span> <span class='ocrx_word' id='word_1_110' title='bbox 398 1031 568 1083; x_wconf 90' lang='lat' dir='ltr'>libere</span> <span class='ocrx_word' id='word_1_111' title='bbox 611 1031 1042 1083; x_wconf 90' lang='lat' dir='ltr'>communicandi</span> <span class='ocrx_word' id='word_1_112' title='bbox 1096 1048 1215 1082; x_wconf 88' lang='lat' dir='ltr'>cum</span> <span class='ocrx_word' id='word_1_113' title='bbox 1257 1032 1564 1101; x_wconf 84' lang='lat' dir='ltr'>pastoribus</span> <span class='ocrx_word' id='word_1_114' title='bbox 1615 1038 1668 1084; x_wconf 94' lang='lat' dir='ltr'>et</span> <span class='ocrx_word' id='word_1_115' title='bbox 1708 1034 1964 1101; x_wconf 82' lang='lat' dir='ltr'>gregibus</span> <span class='ocrx_word' id='word_1_116' title='bbox 2004 1037 2168 1087; x_wconf 89' lang='lat' dir='ltr'>totius</span> <span class='ocrx_word' id='word_1_117' title='bbox 2207 1037 2307 1088; x_wconf 89' lang='lat' dir='ltr'>Ec-</span> 
     </span>
     <span class='ocr_line' id='line_1_14' title="bbox 97 1114 2306 1185; baseline 0.003 -20.67"><span class='ocrx_word' id='word_1_118' title='bbox 97 1117 309 1180; x_wconf 91' lang='lat' dir='ltr'>clesiae,</span> <span class='ocrx_word' id='word_1_119' title='bbox 349 1120 407 1166; x_wconf 93' lang='lat' dir='ltr'>ut</span> <span class='ocrx_word' id='word_1_120' title='bbox 445 1114 609 1167; x_wconf 91' lang='lat' dir='ltr'>iidem</span> <span class='ocrx_word' id='word_1_121' title='bbox 649 1114 716 1166; x_wconf 89' lang='lat' dir='ltr'>ab</span> <span class='ocrx_word' id='word_1_122' title='bbox 757 1115 871 1183; x_wconf 87' lang='lat' dir='ltr'>ipso</span> <span class='ocrx_word' id='word_1_123' title='bbox 912 1117 967 1167; x_wconf 88' lang='lat' dir='ltr'>in</span> <span class='ocrx_word' id='word_1_124' title='bbox 1007 1116 1095 1167; x_wconf 89' lang='lat' dir='ltr'>via</span> <span class='ocrx_word' id='word_1_125' title='bbox 1135 1116 1320 1167; x_wconf 86' lang='lat' dir='ltr'>salutis</span> <span class='ocrx_word' id='word_1_126' title='bbox 1361 1116 1539 1167; x_wconf 87' lang='lat' dir='ltr'>doceri</span> <span class='ocrx_word' id='word_1_127' title='bbox 1580 1133 1641 1167; x_wconf 91' lang='lat' dir='ltr'>ac</span> <span class='ocrx_word' id='word_1_128' title='bbox 1680 1117 1797 1184; x_wconf 91' lang='lat' dir='ltr'>regi</span> <span class='ocrx_word' id='word_1_129' title='bbox 1836 1119 2058 1185; x_wconf 89' lang='lat' dir='ltr'>possint.</span> <span class='ocrx_word' id='word_1_130' title='bbox 2126 1119 2306 1180; x_wconf 79' lang='lat' dir='ltr'>Quare</span> 
     </span>
     <span class='ocr_line' id='line_1_15' title="bbox 24 1197 2307 1271; baseline 0.001 -20"><span class='ocrx_word' id='word_1_131' title='bbox 24 1222 28 1226; x_wconf 95' lang='lat'>·</span> <span class='ocrx_word' id='word_1_132' title='bbox 97 1199 414 1251; x_wconf 87' lang='lat' dir='ltr'>damnamus</span> <span class='ocrx_word' id='word_1_133' title='bbox 454 1215 515 1250; x_wconf 93' lang='lat' dir='ltr'>ac</span> <span class='ocrx_word' id='word_1_134' title='bbox 555 1197 907 1267; x_wconf 88' lang='lat' dir='ltr'>reprobamus</span> <span class='ocrx_word' id='word_1_135' title='bbox 948 1198 1161 1249; x_wconf 86' lang='lat' dir='ltr'>illorum</span> <span class='ocrx_word' id='word_1_136' title='bbox 1203 1199 1515 1263; x_wconf 77' lang='lat' dir='ltr'>sententiaS,</span> <span class='ocrx_word' id='word_1_137' title='bbox 1557 1199 1647 1268; x_wconf 91' lang='lat' dir='ltr'>qui</span> <span class='ocrx_word' id='word_1_138' title='bbox 1675 1200 1813 1251; x_wconf 91' lang='lat' dir='ltr'>hanc</span> <span class='ocrx_word' id='word_1_139' title='bbox 1841 1203 2078 1269; x_wconf 89' lang='lat' dir='ltr'>supremi</span> <span class='ocrx_word' id='word_1_140' title='bbox 2119 1203 2307 1271; x_wconf 87' lang='lat' dir='ltr'>capitis</span> 
     </span>
    </p>
   </div>
   <div class='ocr_carea' id='block_1_7' title="bbox 93 1281 2309 1728">
    <p class='ocr_par' dir='ltr' id='par_1_7' title="bbox 93 1281 2309 1684">
     <span class='ocr_line' id='line_1_16' title="bbox 96 1281 2307 1353; baseline 0.001 -19"><span class='ocrx_word' id='word_1_141' title='bbox 96 1300 216 1334; x_wconf 89' lang='lat' dir='ltr'>cum</span> <span class='ocrx_word' id='word_1_142' title='bbox 257 1282 562 1353; x_wconf 85' lang='lat' dir='ltr'>pastoribus</span> <span class='ocrx_word' id='word_1_143' title='bbox 602 1287 655 1333; x_wconf 92' lang='lat' dir='ltr'>et</span> <span class='ocrx_word' id='word_1_144' title='bbox 694 1281 950 1350; x_wconf 87' lang='lat' dir='ltr'>gregibus</span> <span class='ocrx_word' id='word_1_145' title='bbox 991 1283 1534 1334; x_wconf 89' lang='lat' dir='ltr'>communicationem</span> <span class='ocrx_word' id='word_1_146' title='bbox 1572 1283 1716 1334; x_wconf 91' lang='lat' dir='ltr'>licite</span> <span class='ocrx_word' id='word_1_147' title='bbox 1756 1284 2007 1351; x_wconf 88' lang='lat' dir='ltr'>impediri</span> <span class='ocrx_word' id='word_1_148' title='bbox 2049 1303 2202 1352; x_wconf 91' lang='lat' dir='ltr'>posse</span> <span class='ocrx_word' id='word_1_149' title='bbox 2232 1286 2307 1337; x_wconf 91' lang='lat' dir='ltr'>di-</span> 
     </span>
     <span class='ocr_line' id='line_1_17' title="bbox 95 1364 2307 1434; baseline 0.002 -18"><span class='ocrx_word' id='word_1_150' title='bbox 95 1371 251 1430; x_wconf 91' lang='lat' dir='ltr'>cunt,</span> <span class='ocrx_word' id='word_1_151' title='bbox 304 1370 396 1417; x_wconf 89' lang='lat' dir='ltr'>aut</span> <span class='ocrx_word' id='word_1_152' title='bbox 435 1365 664 1417; x_wconf 92' lang='lat' dir='ltr'>eandem</span> <span class='ocrx_word' id='word_1_153' title='bbox 714 1364 947 1415; x_wconf 91' lang='lat' dir='ltr'>reddunt</span> <span class='ocrx_word' id='word_1_154' title='bbox 998 1366 1261 1416; x_wconf 90' lang='lat' dir='ltr'>saeculari</span> <span class='ocrx_word' id='word_1_155' title='bbox 1301 1366 1553 1434; x_wconf 89' lang='lat' dir='ltr'>potestati</span> <span class='ocrx_word' id='word_1_156' title='bbox 1597 1365 1915 1431; x_wconf 78' lang='lat' dir='ltr'>obnoxiam,</span> <span class='ocrx_word' id='word_1_157' title='bbox 1971 1368 2043 1418; x_wconf 89' lang='lat' dir='ltr'>ita</span> <span class='ocrx_word' id='word_1_158' title='bbox 2084 1373 2144 1419; x_wconf 93' lang='lat' dir='ltr'>ut</span> <span class='ocrx_word' id='word_1_159' title='bbox 2183 1385 2307 1420; x_wconf 92' lang='lat' dir='ltr'>con-</span> 
     </span>
     <span class='ocr_line' id='line_1_18' title="bbox 93 1447 2309 1518; baseline 0.001 -18"><span class='ocrx_word' id='word_1_160' title='bbox 93 1449 350 1514; x_wconf 84' lang='lat' dir='ltr'>tendant,</span> <span class='ocrx_word' id='word_1_161' title='bbox 407 1466 544 1517; x_wconf 91' lang='lat' dir='ltr'>quae</span> <span class='ocrx_word' id='word_1_162' title='bbox 599 1447 664 1499; x_wconf 93' lang='lat' dir='ltr'>ab</span> <span class='ocrx_word' id='word_1_163' title='bbox 710 1448 1024 1515; x_wconf 86' lang='lat' dir='ltr'>Apostolica</span> <span class='ocrx_word' id='word_1_164' title='bbox 1073 1447 1212 1499; x_wconf 80' lang='lat' dir='ltr'>Sede</span> <span class='ocrx_word' id='word_1_165' title='bbox 1266 1449 1353 1499; x_wconf 86' lang='lat' dir='ltr'>vel</span> <span class='ocrx_word' id='word_1_166' title='bbox 1409 1449 1522 1499; x_wconf 90' lang='lat' dir='ltr'>eius</span> <span class='ocrx_word' id='word_1_167' title='bbox 1578 1449 1893 1500; x_wconf 90' lang='lat' dir='ltr'>auctoritate</span> <span class='ocrx_word' id='word_1_168' title='bbox 1946 1450 2013 1500; x_wconf 91' lang='lat' dir='ltr'>ad</span> <span class='ocrx_word' id='word_1_169' title='bbox 2064 1451 2309 1518; x_wconf 89' lang='lat' dir='ltr'>regimen</span> 
     </span>
     <span class='ocr_line' id='line_1_19' title="bbox 93 1532 2307 1601; baseline 0.001 -17"><span class='ocrx_word' id='word_1_170' title='bbox 93 1532 369 1584; x_wconf 84' lang='lat' dir='ltr'>Ecclesiae</span> <span class='ocrx_word' id='word_1_171' title='bbox 424 1532 852 1596; x_wconf 90' lang='lat' dir='ltr'>constituuntur,</span> <span class='ocrx_word' id='word_1_172' title='bbox 908 1532 1016 1582; x_wconf 85' lang='lat' dir='ltr'>vim</span> <span class='ocrx_word' id='word_1_173' title='bbox 1057 1548 1117 1582; x_wconf 92' lang='lat' dir='ltr'>ac</span> <span class='ocrx_word' id='word_1_174' title='bbox 1159 1532 1397 1583; x_wconf 85' lang='lat' dir='ltr'>valorem</span> <span class='ocrx_word' id='word_1_175' title='bbox 1447 1550 1553 1583; x_wconf 92' lang='lat' dir='ltr'>non</span> <span class='ocrx_word' id='word_1_176' title='bbox 1604 1532 1833 1597; x_wconf 88' lang='lat' dir='ltr'>habere,</span> <span class='ocrx_word' id='word_1_177' title='bbox 1888 1533 1986 1584; x_wconf 89' lang='lat' dir='ltr'>nisi</span> <span class='ocrx_word' id='word_1_178' title='bbox 2028 1536 2307 1601; x_wconf 86' lang='lat' dir='ltr'>potestatis</span> 
     </span>
     <span class='ocr_line' id='line_1_20' title="bbox 94 1613 1117 1728; baseline -0.003 -60"><span class='ocrx_word' id='word_1_179' title='bbox 94 1616 387 1668; x_wconf 86' lang='lat' dir='ltr'>saecularis</span> <span class='ocrx_word' id='word_1_180' title='bbox 430 1616 627 1728; x_wconf 80' lang='lat' dir='ltr'>placito</span> <span class='ocrx_word' id='word_1_181' title='bbox 674 1613 1117 1666; x_wconf 86' lang='lat' dir='ltr'>confirmentur2.</span> 
     </span>
    </p>
   </div>
   <div class='ocr_carea' id='block_1_8' title="bbox 240 1727 2305 1867">
    <p class='ocr_par' dir='ltr' id='par_1_8' title="bbox 240 1727 2305 1867">
     <span class='ocr_line' id='line_1_21' title="bbox 240 1727 2305 1867; baseline 0 -44"><span class='ocrx_word' id='word_1_182' title='bbox 240 1776 287 1834; x_wconf 83' lang='lat' dir='ltr'>a)</span> <span class='ocrx_word' id='word_1_183' title='bbox 302 1727 415 1836; x_wconf 78' lang='lat' dir='ltr'>Ep.</span> <span class='ocrx_word' id='word_1_184' title='bbox 431 1777 494 1823; x_wconf 92' lang='lat' dir='ltr'>ad</span> <span class='ocrx_word' id='word_1_185' title='bbox 510 1777 687 1836; x_wconf 87' lang='lat' dir='ltr'>Eulog.</span> <span class='ocrx_word' id='word_1_186' title='bbox 704 1776 1031 1823; x_wconf 84' lang='lat' dir='ltr'>Alexandrin.</span> <span class='ocrx_word' id='word_1_187' title='bbox 1049 1777 1078 1823; x_wconf 93' lang='lat' dir='ltr'>l.</span> <span class='ocrx_word' id='word_1_188' title='bbox 1090 1776 1238 1822; x_wconf 85' lang='lat' dir='ltr'>VIH.</span> <span class='ocrx_word' id='word_1_189' title='bbox 1259 1776 1515 1867; x_wconf 86' lang='lat' dir='ltr'>ep.XXX.</span> <span class='ocrx_word' id='word_1_190' title='bbox 1555 1775 1741 1867; x_wconf 52' lang='grc' dir='ltr'>[ὶΙί8110</span> <span class='ocrx_word' id='word_1_191' title='bbox 1758 1776 1810 1822; x_wconf 89' lang='lat' dir='ltr'>P.</span> <span class='ocrx_word' id='word_1_192' title='bbox 1828 1776 1880 1822; x_wconf 89' lang='lat' dir='ltr'>L</span> <span class='ocrx_word' id='word_1_193' title='bbox 1898 1777 2162 1836; x_wconf 82' lang='lat' dir='ltr'>LXXVII,</span> <span class='ocrx_word' id='word_1_194' title='bbox 2177 1780 2284 1824; x_wconf 70' lang='lat'><strong>933.</strong></span> <span class='ocrx_word' id='word_1_195' title='bbox 2291 1777 2305 1836; x_wconf 79' lang='lat' dir='ltr'>l</span> 
     </span>
    </p>
   </div>
   <div class='ocr_carea' id='block_1_9' title="bbox 97 1866 367 1871">
    <p class='ocr_par' dir='ltr' id='par_1_9' title="bbox 97 1866 367 1871">
     <span class='ocr_line' id='line_1_22' title="bbox 97 1866 367 1871; baseline 0 0"><span class='ocrx_word' id='word_1_196' title='bbox 97 1866 367 1871; x_wconf 95' lang='lat' dir='ltr'> </span> 
     </span>
    </p>
   </div>
   <div class='ocr_carea' id='block_1_10' title="bbox 93 1864 2309 2343">
    <p class='ocr_par' dir='ltr' id='par_1_10' title="bbox 93 1864 2309 2343">
     <span class='ocr_line' id='line_1_23' title="bbox 241 1864 2309 1961; baseline 0 -15"><span class='ocrx_word' id='word_1_197' title='bbox 241 1901 255 1926; x_wconf 84' lang='lat'><strong>¹</strong></span> <span class='ocrx_word' id='word_1_198' title='bbox 294 1866 693 1948; x_wconf 86' lang='lat' dir='ltr'>Animadvertit</span> <span class='ocrx_word' id='word_1_199' title='bbox 702 1866 860 1948; x_wconf 71' lang='lat' dir='ltr'>Rffius</span> <span class='ocrx_word' id='word_1_200' title='bbox 896 1901 983 1947; x_wconf 90' lang='lat' dir='ltr'>Pie</span> <span class='ocrx_word' id='word_1_201' title='bbox 1021 1901 1069 1946; x_wconf 89' lang='lat' dir='ltr'>in</span> <span class='ocrx_word' id='word_1_202' title='bbox 1102 1866 1354 1947; x_wconf 79' lang='lat' dir='ltr'>relatione</span> <span class='ocrx_word' id='word_1_203' title='bbox 1391 1900 1465 1958; x_wconf 79' lang='lat' dir='ltr'>(C.</span> <span class='ocrx_word' id='word_1_204' title='bbox 1506 1901 1566 1947; x_wconf 96' lang='lat' dir='ltr'>V.</span> <span class='ocrx_word' id='word_1_205' title='bbox 1593 1902 1687 1947; x_wconf 82' lang='grc'>290</span> <span class='ocrx_word' id='word_1_206' title='bbox 1704 1901 1732 1946; x_wconf 91' lang='lat' dir='ltr'>d</span> <span class='ocrx_word' id='word_1_207' title='bbox 1771 1899 1890 1961; x_wconf 78' lang='lat' dir='ltr'>sq):</span> <span class='ocrx_word' id='word_1_208' title='bbox 1933 1900 2138 1961; x_wconf 81' lang='lat' dir='ltr'>„Neque</span> <span class='ocrx_word' id='word_1_209' title='bbox 2157 1864 2309 1947; x_wconf 89' lang='lat' dir='ltr'>dica-</span> 
     </span>
     <span class='ocr_line' id='line_1_24' title="bbox 93 1975 2306 2036; baseline 0 -12"><span class='ocrx_word' id='word_1_210' title='bbox 93 1982 202 2035; x_wconf 89' lang='lat' dir='ltr'>tur,</span> <span class='ocrx_word' id='word_1_211' title='bbox 249 1977 366 2024; x_wconf 91' lang='lat' dir='ltr'>inde</span> <span class='ocrx_word' id='word_1_212' title='bbox 403 1977 529 2023; x_wconf 89' lang='lat' dir='ltr'>duos</span> <span class='ocrx_word' id='word_1_213' title='bbox 565 1978 703 2024; x_wconf 88' lang='lat' dir='ltr'>nasci</span> <span class='ocrx_word' id='word_1_214' title='bbox 752 1977 972 2024; x_wconf 90' lang='lat' dir='ltr'>eiusdem</span> <span class='ocrx_word' id='word_1_215' title='bbox 1012 1976 1268 2022; x_wconf 83' lang='lat' dir='ltr'>Ecclesiae</span> <span class='ocrx_word' id='word_1_216' title='bbox 1305 1976 1605 2036; x_wconf 85' lang='lat' dir='ltr'>Episcopos:</span> <span class='ocrx_word' id='word_1_217' title='bbox 1659 1976 2041 2035; x_wconf 84' lang='lat' dir='ltr'>,Inconveniens</span> <span class='ocrx_word' id='word_1_218' title='bbox 2081 1975 2188 2036; x_wconf 87' lang='lat' dir='ltr'>est‚‘</span> <span class='ocrx_word' id='word_1_219' title='bbox 2236 1978 2306 2024; x_wconf 89' lang='lat' dir='ltr'>ait</span> 
     </span>
     <span class='ocr_line' id='line_1_25' title="bbox 93 2051 2307 2114; baseline -0.002 -12"><span class='ocrx_word' id='word_1_220' title='bbox 93 2055 140 2102; x_wconf 87' lang='lat' dir='ltr'>b.</span> <span class='ocrx_word' id='word_1_221' title='bbox 179 2053 396 2100; x_wconf 86' lang='lat' dir='ltr'>Thomas</span> <span class='ocrx_word' id='word_1_222' title='bbox 434 2051 504 2111; x_wconf 92' lang='lat' dir='ltr'>(in</span> <span class='ocrx_word' id='word_1_223' title='bbox 541 2054 586 2100; x_wconf 87' lang='lat'>4.</span> <span class='ocrx_word' id='word_1_224' title='bbox 623 2054 751 2100; x_wconf 85' lang='lat' dir='ltr'>Dist.</span> <span class='ocrx_word' id='word_1_225' title='bbox 794 2055 864 2099; x_wconf 81' lang='lat'>17.</span> <span class='ocrx_word' id='word_1_226' title='bbox 904 2069 947 2114; x_wconf 89' lang='lat' dir='ltr'>q.</span> <span class='ocrx_word' id='word_1_227' title='bbox 986 2057 1030 2099; x_wconf 86' lang='lat'>3.</span> <span class='ocrx_word' id='word_1_228' title='bbox 1066 2068 1108 2098; x_wconf 90' lang='lat' dir='ltr'>a.</span> <span class='ocrx_word' id='word_1_229' title='bbox 1147 2054 1189 2098; x_wconf 95' lang='grc'>3.</span> <span class='ocrx_word' id='word_1_230' title='bbox 1230 2068 1275 2113; x_wconf 90' lang='lat' dir='ltr'>q.</span> <span class='ocrx_word' id='word_1_231' title='bbox 1314 2067 1358 2097; x_wconf 87' lang='lat' dir='ltr'>o.</span> <span class='ocrx_word' id='word_1_232' title='bbox 1396 2052 1457 2098; x_wconf 87' lang='lat' dir='ltr'>ad</span> <span class='ocrx_word' id='word_1_233' title='bbox 1496 2051 1570 2111; x_wconf 59' lang='grc' dir='ltr'>ὅ),</span> <span class='ocrx_word' id='word_1_234' title='bbox 1610 2052 1666 2110; x_wconf 90' lang='lat' dir='ltr'>,si</span> <span class='ocrx_word' id='word_1_235' title='bbox 1704 2052 1801 2098; x_wconf 89' lang='lat' dir='ltr'>duo</span> <span class='ocrx_word' id='word_1_236' title='bbox 1839 2052 2119 2112; x_wconf 81' lang='lat' dir='ltr'>aequaliter</span> <span class='ocrx_word' id='word_1_237' title='bbox 2156 2067 2307 2112; x_wconf 90' lang='lat' dir='ltr'>super</span> 
     </span>
     <span class='ocr_line' id='line_1_26' title="bbox 94 2128 2305 2190; baseline -0.001 -13"><span class='ocrx_word' id='word_1_238' title='bbox 94 2130 302 2177; x_wconf 90' lang='lat' dir='ltr'>eandem</span> <span class='ocrx_word' id='word_1_239' title='bbox 338 2129 536 2190; x_wconf 91' lang='lat' dir='ltr'>plebem</span> <span class='ocrx_word' id='word_1_240' title='bbox 564 2130 965 2187; x_wconf 66' lang='lat' dir='ltr'>constituantur,</span> <span class='ocrx_word' id='word_1_241' title='bbox 1007 2130 1047 2174; x_wconf 86' lang='lat' dir='ltr'>si</span> <span class='ocrx_word' id='word_1_242' title='bbox 1083 2132 1254 2174; x_wconf 87' lang='lat' dir='ltr'>autem</span> <span class='ocrx_word' id='word_1_243' title='bbox 1286 2128 1637 2188; x_wconf 86' lang='lat' dir='ltr'>inaequaliter,</span> <span class='ocrx_word' id='word_1_244' title='bbox 1674 2142 1773 2173; x_wconf 91' lang='lat' dir='ltr'>non</span> <span class='ocrx_word' id='word_1_245' title='bbox 1812 2131 1887 2174; x_wconf 90' lang='lat' dir='ltr'>est</span> <span class='ocrx_word' id='word_1_246' title='bbox 1922 2128 2305 2188; x_wconf 71' lang='lat' dir='ltr'>inconveniens,</span> 
     </span>
     <span class='ocr_line' id='line_1_27' title="bbox 95 2204 2306 2266; baseline -0.001 -13"><span class='ocrx_word' id='word_1_247' title='bbox 95 2210 144 2253; x_wconf 90' lang='lat' dir='ltr'>et</span> <span class='ocrx_word' id='word_1_248' title='bbox 181 2206 456 2253; x_wconf 89' lang='lat' dir='ltr'>secundum</span> <span class='ocrx_word' id='word_1_249' title='bbox 493 2206 586 2252; x_wconf 91' lang='lat' dir='ltr'>hoc</span> <span class='ocrx_word' id='word_1_250' title='bbox 632 2221 783 2266; x_wconf 85' lang='lat' dir='ltr'>super</span> <span class='ocrx_word' id='word_1_251' title='bbox 833 2206 1039 2252; x_wconf 87' lang='lat' dir='ltr'>eandem</span> <span class='ocrx_word' id='word_1_252' title='bbox 1079 2204 1275 2265; x_wconf 82' lang='lat' dir='ltr'>plebem</span> <span class='ocrx_word' id='word_1_253' title='bbox 1312 2204 1601 2250; x_wconf 88' lang='lat' dir='ltr'>immediate</span> <span class='ocrx_word' id='word_1_254' title='bbox 1649 2216 1765 2250; x_wconf 85' lang='lat' dir='ltr'>sunt</span> <span class='ocrx_word' id='word_1_255' title='bbox 1804 2209 1852 2250; x_wconf 92' lang='lat' dir='ltr'>et</span> <span class='ocrx_word' id='word_1_256' title='bbox 1893 2205 2126 2251; x_wconf 83' lang='lat' dir='ltr'>sacerdos</span> <span class='ocrx_word' id='word_1_257' title='bbox 2163 2221 2306 2266; x_wconf 89' lang='lat' dir='ltr'>paro-</span> 
     </span>
     <span class='ocr_line' id='line_1_28' title="bbox 93 2279 2305 2343; baseline -0.001 -15"><span class='ocrx_word' id='word_1_258' title='bbox 93 2283 284 2342; x_wconf 89' lang='lat' dir='ltr'>chialis,</span> <span class='ocrx_word' id='word_1_259' title='bbox 323 2286 371 2329; x_wconf 94' lang='lat' dir='ltr'>et</span> <span class='ocrx_word' id='word_1_260' title='bbox 404 2282 699 2343; x_wconf 83' lang='lat' dir='ltr'>Episcopus,</span> <span class='ocrx_word' id='word_1_261' title='bbox 738 2285 788 2328; x_wconf 92' lang='lat' dir='ltr'>et</span> <span class='ocrx_word' id='word_1_262' title='bbox 816 2279 988 2341; x_wconf 84' lang='lat' dir='ltr'>Papa.‘</span> <span class='ocrx_word' id='word_1_263' title='bbox 1036 2281 1183 2327; x_wconf 82' lang='lat' dir='ltr'>Ratio</span> <span class='ocrx_word' id='word_1_264' title='bbox 1222 2283 1314 2336; x_wconf 86' lang='lat' dir='ltr'>est,</span> <span class='ocrx_word' id='word_1_265' title='bbox 1355 2281 1472 2341; x_wconf 86' lang='lat' dir='ltr'>quia</span> <span class='ocrx_word' id='word_1_266' title='bbox 1511 2281 1710 2341; x_wconf 86' lang='lat' dir='ltr'>quando</span> <span class='ocrx_word' id='word_1_267' title='bbox 1750 2280 1878 2327; x_wconf 87' lang='lat' dir='ltr'>duae</span> <span class='ocrx_word' id='word_1_268' title='bbox 1917 2296 2116 2338; x_wconf 90' lang='lat' dir='ltr'>causae,</span> <span class='ocrx_word' id='word_1_269' title='bbox 2155 2281 2305 2327; x_wconf 90' lang='lat' dir='ltr'>etiam</span> 
     </span>
    </p>
   </div>
   <div class='ocr_carea' id='block_1_11' title="bbox 10 2355 2308 2497">
    <p class='ocr_par' dir='ltr' id='par_1_11' title="bbox 8 2355 2308 2497">
     <span class='ocr_line' id='line_1_29' title="bbox 93 2355 2308 2417; baseline -0.001 -12.111"><span class='ocrx_word' id='word_1_270' title='bbox 93 2358 292 2417; x_wconf 89' lang='lat' dir='ltr'>totales,</span> <span class='ocrx_word' id='word_1_271' title='bbox 331 2373 431 2404; x_wconf 92' lang='lat' dir='ltr'>non</span> <span class='ocrx_word' id='word_1_272' title='bbox 469 2361 588 2403; x_wconf 88' lang='lat' dir='ltr'>sunt</span> <span class='ocrx_word' id='word_1_273' title='bbox 625 2357 844 2404; x_wconf 90' lang='lat' dir='ltr'>eiusdem</span> <span class='ocrx_word' id='word_1_274' title='bbox 885 2357 1100 2415; x_wconf 80' lang='lat' dir='ltr'>ordinis,</span> <span class='ocrx_word' id='word_1_275' title='bbox 1142 2356 1226 2402; x_wconf 88' lang='lat' dir='ltr'>sed</span> <span class='ocrx_word' id='word_1_276' title='bbox 1264 2373 1362 2402; x_wconf 84' lang='lat' dir='ltr'>una</span> <span class='ocrx_word' id='word_1_277' title='bbox 1400 2356 1546 2401; x_wconf 87' lang='lat' dir='ltr'>alteri</span> <span class='ocrx_word' id='word_1_278' title='bbox 1583 2355 1959 2414; x_wconf 83' lang='lat' dir='ltr'>subordinatur,</span> <span class='ocrx_word' id='word_1_279' title='bbox 1998 2359 2048 2402; x_wconf 93' lang='lat' dir='ltr'>et</span> <span class='ocrx_word' id='word_1_280' title='bbox 2085 2360 2202 2402; x_wconf 91' lang='lat' dir='ltr'>sunt</span> <span class='ocrx_word' id='word_1_281' title='bbox 2237 2357 2308 2402; x_wconf 92' lang='lat' dir='ltr'>in-</span> 
     </span>
     <span class='ocr_line' id='line_1_30' title="bbox 10 2424 2307 2497; baseline -0.001 -17"><span class='ocrx_word' id='word_1_282' title='bbox 10 2424 19 2497; x_wconf 48' lang='grc' dir='ltr'>Ῐῇ</span> <span class='ocrx_word' id='word_1_283' title='bbox 91 2434 251 2481; x_wconf 87' lang='lat' dir='ltr'>vicem</span> <span class='ocrx_word' id='word_1_284' title='bbox 287 2449 571 2492; x_wconf 87' lang='lat' dir='ltr'>connexae,</span> <span class='ocrx_word' id='word_1_285' title='bbox 610 2449 710 2481; x_wconf 91' lang='lat' dir='ltr'>non</span> <span class='ocrx_word' id='word_1_286' title='bbox 747 2449 799 2480; x_wconf 92' lang='lat' dir='ltr'>se</span> <span class='ocrx_word' id='word_1_287' title='bbox 835 2438 1012 2479; x_wconf 89' lang='lat' dir='ltr'>mutuo</span> <span class='ocrx_word' id='word_1_288' title='bbox 1052 2432 1328 2479; x_wconf 86' lang='lat' dir='ltr'>excludunt</span> <span class='ocrx_word' id='word_1_289' title='bbox 1364 2448 1456 2478; x_wconf 91' lang='lat' dir='ltr'>nec</span> <span class='ocrx_word' id='word_1_290' title='bbox 1494 2432 1838 2478; x_wconf 90' lang='lat' dir='ltr'>confusionem</span> <span class='ocrx_word' id='word_1_291' title='bbox 1876 2432 2106 2492; x_wconf 87' lang='lat' dir='ltr'>pariunt:</span> <span class='ocrx_word' id='word_1_292' title='bbox 2159 2433 2307 2478; x_wconf 90' lang='lat' dir='ltr'>sicuti</span> 
     </span>
    </p>
   </div>
   <div class='ocr_carea' id='block_1_12' title="bbox 93 2509 2306 2569">
    <p class='ocr_par' dir='ltr' id='par_1_12' title="bbox 93 2509 2306 2569">
     <span class='ocr_line' id='line_1_31' title="bbox 93 2509 2306 2569; baseline -0 -13"><span class='ocrx_word' id='word_1_293' title='bbox 93 2510 223 2556; x_wconf 84' lang='lat' dir='ltr'>actio</span> <span class='ocrx_word' id='word_1_294' title='bbox 259 2510 353 2556; x_wconf 91' lang='lat' dir='ltr'>Dei</span> <span class='ocrx_word' id='word_1_295' title='bbox 388 2511 438 2555; x_wconf 89' lang='lat' dir='ltr'>in</span> <span class='ocrx_word' id='word_1_296' title='bbox 476 2524 550 2567; x_wconf 83' lang='lat' dir='ltr'>ec,</span> <span class='ocrx_word' id='word_1_297' title='bbox 592 2525 739 2569; x_wconf 85' lang='lat' dir='ltr'>quem</span> <span class='ocrx_word' id='word_1_298' title='bbox 776 2510 996 2567; x_wconf 87' lang='lat' dir='ltr'>adhibet,</span> <span class='ocrx_word' id='word_1_299' title='bbox 1041 2525 1288 2555; x_wconf 89' lang='lat' dir='ltr'>concursu</span> <span class='ocrx_word' id='word_1_300' title='bbox 1323 2524 1423 2555; x_wconf 88' lang='lat' dir='ltr'>non</span> <span class='ocrx_word' id='word_1_301' title='bbox 1463 2509 1687 2555; x_wconf 77' lang='lat' dir='ltr'>excludit</span> <span class='ocrx_word' id='word_1_302' title='bbox 1722 2524 1813 2554; x_wconf 89' lang='lat' dir='ltr'>nec</span> <span class='ocrx_word' id='word_1_303' title='bbox 1850 2509 2115 2567; x_wconf 88' lang='lat' dir='ltr'>perturbat</span> <span class='ocrx_word' id='word_1_304' title='bbox 2150 2509 2306 2555; x_wconf 88' lang='lat' dir='ltr'>actio-</span> 
     </span>
    </p>
   </div>
   <div class='ocr_carea' id='block_1_13' title="bbox 12 2584 2305 2874">
    <p class='ocr_par' dir='ltr' id='par_1_13' title="bbox 12 2584 2305 2876">
     <span class='ocr_line' id='line_1_32' title="bbox 12 2584 2305 2645; baseline -0 -14"><span class='ocrx_word' id='word_1_305' title='bbox 12 2591 20 2597; x_wconf 84' lang='grc'><strong>”</strong></span> <span class='ocrx_word' id='word_1_306' title='bbox 92 2600 206 2631; x_wconf 90' lang='lat' dir='ltr'>nem</span> <span class='ocrx_word' id='word_1_307' title='bbox 257 2600 522 2632; x_wconf 89' lang='lat' dir='ltr'>causarum</span> <span class='ocrx_word' id='word_1_308' title='bbox 576 2585 926 2632; x_wconf 87' lang='lat' dir='ltr'>secundarum.</span> <span class='ocrx_word' id='word_1_309' title='bbox 997 2585 1136 2645; x_wconf 89' lang='lat' dir='ltr'>Papa</span> <span class='ocrx_word' id='word_1_310' title='bbox 1171 2585 1354 2644; x_wconf 86' lang='lat' dir='ltr'>igitur,</span> <span class='ocrx_word' id='word_1_311' title='bbox 1403 2588 1581 2644; x_wconf 88' lang='lat' dir='ltr'>utpote</span> <span class='ocrx_word' id='word_1_312' title='bbox 1619 2599 1881 2644; x_wconf 86' lang='lat' dir='ltr'>supremus</span> <span class='ocrx_word' id='word_1_313' title='bbox 1919 2589 1968 2629; x_wconf 91' lang='lat' dir='ltr'>et</span> <span class='ocrx_word' id='word_1_314' title='bbox 2005 2584 2305 2630; x_wconf 82' lang='lat' dir='ltr'>universalis</span> 
     </span>
     <span class='ocr_line' id='line_1_33' title="bbox 94 2658 2305 2722; baseline -0.001 -15.106"><span class='ocrx_word' id='word_1_315' title='bbox 94 2665 269 2722; x_wconf 89' lang='lat' dir='ltr'>pastor</span> <span class='ocrx_word' id='word_1_316' title='bbox 317 2664 366 2706; x_wconf 93' lang='lat' dir='ltr'>et</span> <span class='ocrx_word' id='word_1_317' title='bbox 402 2661 660 2707; x_wconf 86' lang='lat' dir='ltr'>Ecclesiae</span> <span class='ocrx_word' id='word_1_318' title='bbox 697 2660 1003 2720; x_wconf 80' lang='lat' dir='ltr'>EpiscopUS,</span> <span class='ocrx_word' id='word_1_319' title='bbox 1051 2660 1188 2705; x_wconf 87' lang='lat' dir='ltr'>nullo</span> <span class='ocrx_word' id='word_1_320' title='bbox 1237 2675 1443 2719; x_wconf 86' lang='lat' dir='ltr'>prorsus</span> <span class='ocrx_word' id='word_1_321' title='bbox 1490 2659 1637 2705; x_wconf 91' lang='lat' dir='ltr'>modo</span> <span class='ocrx_word' id='word_1_322' title='bbox 1676 2658 1854 2716; x_wconf 85' lang='lat' dir='ltr'>officit,</span> <span class='ocrx_word' id='word_1_323' title='bbox 1905 2659 2022 2719; x_wconf 91' lang='lat' dir='ltr'>quin</span> <span class='ocrx_word' id='word_1_324' title='bbox 2072 2660 2305 2719; x_wconf 86' lang='lat' dir='ltr'>proprius</span> 
     </span>
     <span class='ocr_line' id='line_1_34' title="bbox 95 2735 2305 2798; baseline -0.002 -13.145"><span class='ocrx_word' id='word_1_325' title='bbox 95 2737 353 2784; x_wconf 87' lang='lat' dir='ltr'>Ecclesiae</span> <span class='ocrx_word' id='word_1_326' title='bbox 390 2736 710 2798; x_wconf 88' lang='lat' dir='ltr'>particularis</span> <span class='ocrx_word' id='word_1_327' title='bbox 747 2736 1047 2794; x_wconf 84' lang='lat' dir='ltr'>ordinarius,</span> <span class='ocrx_word' id='word_1_328' title='bbox 1097 2736 1318 2782; x_wconf 88' lang='lat' dir='ltr'>eiusdem</span> <span class='ocrx_word' id='word_1_329' title='bbox 1356 2735 1611 2782; x_wconf 85' lang='lat' dir='ltr'>Ecclesiae</span> <span class='ocrx_word' id='word_1_330' title='bbox 1647 2736 1934 2781; x_wconf 87' lang='lat' dir='ltr'>nominetur</span> <span class='ocrx_word' id='word_1_331' title='bbox 1972 2739 2021 2781; x_wconf 90' lang='lat' dir='ltr'>et</span> <span class='ocrx_word' id='word_1_332' title='bbox 2057 2735 2120 2781; x_wconf 88' lang='lat' dir='ltr'>sit</span> <span class='ocrx_word' id='word_1_333' title='bbox 2155 2750 2305 2781; x_wconf 88' lang='lat' dir='ltr'>verus</span> 
     </span>
     <span class='ocr_line' id='line_1_35' title="bbox 98 2810 2300 2874; baseline -0 -16.038"><span class='ocrx_word' id='word_1_334' title='bbox 98 2826 308 2874; x_wconf 87' lang='lat' dir='ltr'>sponsus</span> <span class='ocrx_word' id='word_1_335' title='bbox 361 2816 410 2858; x_wconf 92' lang='lat' dir='ltr'>et</span> <span class='ocrx_word' id='word_1_336' title='bbox 460 2811 770 2873; x_wconf 70' lang='lat' dir='ltr'>Episcopus,</span> <span class='ocrx_word' id='word_1_337' title='bbox 823 2812 952 2858; x_wconf 92' lang='lat' dir='ltr'>sicut</span> <span class='ocrx_word' id='word_1_338' title='bbox 1003 2815 1051 2857; x_wconf 88' lang='lat' dir='ltr'>et</span> <span class='ocrx_word' id='word_1_339' title='bbox 1104 2811 1377 2857; x_wconf 88' lang='lat' dir='ltr'>sacerdotis</span> <span class='ocrx_word' id='word_1_340' title='bbox 1426 2810 1727 2871; x_wconf 89' lang='lat' dir='ltr'>parochialis</span> <span class='ocrx_word' id='word_1_341' title='bbox 1776 2810 1952 2857; x_wconf 90' lang='lat' dir='ltr'>titulus</span> <span class='ocrx_word' id='word_1_342' title='bbox 2001 2810 2300 2864; x_wconf 82' lang='lat' dir='ltr'>ordinarius,</span> 
     </span>
    </p>
   </div>
   <div class='ocr_carea' id='block_1_14' title="bbox 97 2887 2304 2949">
    <p class='ocr_par' dir='ltr' id='par_1_14' title="bbox 97 2887 2304 2949">
     <span class='ocr_line' id='line_1_36' title="bbox 97 2887 2304 2949; baseline -0 -15"><span class='ocrx_word' id='word_1_343' title='bbox 97 2888 344 2949; x_wconf 88' lang='lat' dir='ltr'>superiori</span> <span class='ocrx_word' id='word_1_344' title='bbox 382 2892 430 2934; x_wconf 88' lang='lat' dir='ltr'>et</span> <span class='ocrx_word' id='word_1_345' title='bbox 466 2888 818 2935; x_wconf 83' lang='lat' dir='ltr'>universaliori</span> <span class='ocrx_word' id='word_1_346' title='bbox 848 2888 1138 2934; x_wconf 84' lang='lat' dir='ltr'>auctoritati</span> <span class='ocrx_word' id='word_1_347' title='bbox 1165 2887 1405 2933; x_wconf 83' lang='lat' dir='ltr'>antistitis</span> <span class='ocrx_word' id='word_1_348' title='bbox 1443 2887 1492 2932; x_wconf 91' lang='lat' dir='ltr'>in</span> <span class='ocrx_word' id='word_1_349' title='bbox 1529 2890 1686 2933; x_wconf 88' lang='lat' dir='ltr'>totam</span> <span class='ocrx_word' id='word_1_350' title='bbox 1720 2902 1859 2932; x_wconf 89' lang='lat' dir='ltr'>suam</span> <span class='ocrx_word' id='word_1_351' title='bbox 1889 2887 2153 2932; x_wconf 87' lang='lat' dir='ltr'>dioecesim</span> <span class='ocrx_word' id='word_1_352' title='bbox 2181 2887 2304 2933; x_wconf 90' lang='lat' dir='ltr'>nihil</span> 
     </span>
    </p>
   </div>
   <div class='ocr_carea' id='block_1_15' title="bbox 0 2939 2301 3024">
    <p class='ocr_par' dir='ltr' id='par_1_15' title="bbox 0 2939 2301 3024">
     <span class='ocr_line' id='line_1_37' title="bbox 0 2939 2301 3024; baseline -0.001 -13"><span class='ocrx_word' id='word_1_353' title='bbox 0 2939 22 3021; x_wconf 28' lang='lat'>51</span> <span class='ocrx_word' id='word_1_354' title='bbox 97 2964 339 3011; x_wconf 85' lang='lat' dir='ltr'>detrahit:</span> <span class='ocrx_word' id='word_1_355' title='bbox 378 2965 472 3011; x_wconf 89' lang='lat' dir='ltr'>etsi</span> <span class='ocrx_word' id='word_1_356' title='bbox 508 2966 669 3011; x_wconf 93' lang='lat' dir='ltr'>bonus</span> <span class='ocrx_word' id='word_1_357' title='bbox 701 2965 820 3010; x_wconf 89' lang='lat' dir='ltr'>ordo</span> <span class='ocrx_word' id='word_1_358' title='bbox 848 2964 1086 3023; x_wconf 76' lang='lat' dir='ltr'>postulet,</span> <span class='ocrx_word' id='word_1_359' title='bbox 1125 2963 1433 3024; x_wconf 88' lang='lat' dir='ltr'>respectivas</span> <span class='ocrx_word' id='word_1_360' title='bbox 1471 2962 1782 3023; x_wconf 87' lang='lat' dir='ltr'>singulorum</span> <span class='ocrx_word' id='word_1_361' title='bbox 1810 2962 2167 3009; x_wconf 85' lang='lat' dir='ltr'>attributiones</span> <span class='ocrx_word' id='word_1_362' title='bbox 2203 2978 2301 3009; x_wconf 89' lang='lat' dir='ltr'>non</span> 
     </span>
    </p>
   </div>
   <div class='ocr_carea' id='block_1_16' title="bbox 97 3038 2302 3098">
    <p class='ocr_par' dir='ltr' id='par_1_16' title="bbox 97 3038 2302 3098">
     <span class='ocr_line' id='line_1_38' title="bbox 97 3038 2302 3098; baseline -0 -12"><span class='ocrx_word' id='word_1_363' title='bbox 97 3040 201 3087; x_wconf 85' lang='lat' dir='ltr'>sine</span> <span class='ocrx_word' id='word_1_364' title='bbox 239 3055 389 3086; x_wconf 87' lang='lat' dir='ltr'>causa</span> <span class='ocrx_word' id='word_1_365' title='bbox 425 3044 475 3087; x_wconf 93' lang='lat' dir='ltr'>et</span> <span class='ocrx_word' id='word_1_366' title='bbox 511 3040 815 3087; x_wconf 90' lang='lat' dir='ltr'>discretione</span> <span class='ocrx_word' id='word_1_367' title='bbox 852 3039 1049 3085; x_wconf 88' lang='lat' dir='ltr'>turbari</span> <span class='ocrx_word' id='word_1_368' title='bbox 1085 3043 1134 3085; x_wconf 89' lang='lat' dir='ltr'>et</span> <span class='ocrx_word' id='word_1_369' title='bbox 1170 3039 1517 3096; x_wconf 87' lang='lat' dir='ltr'>intermisceri,</span> <span class='ocrx_word' id='word_1_370' title='bbox 1559 3038 1689 3098; x_wconf 88' lang='lat' dir='ltr'>quod</span> <span class='ocrx_word' id='word_1_371' title='bbox 1728 3038 1788 3084; x_wconf 90' lang='lat' dir='ltr'>ab</span> <span class='ocrx_word' id='word_1_372' title='bbox 1817 3039 2047 3085; x_wconf 88' lang='lat' dir='ltr'>omnibus</span> <span class='ocrx_word' id='word_1_373' title='bbox 2086 3039 2302 3085; x_wconf 83' lang='lat' dir='ltr'>admitti—</span> 
     </span>
    </p>
   </div>
   <div class='ocr_carea' id='block_1_17' title="bbox 0 3112 2300 3177">
    <p class='ocr_par' dir='ltr' id='par_1_17' title="bbox 0 3112 2300 3177">
     <span class='ocr_line' id='line_1_39' title="bbox 0 3112 2300 3177; baseline -0 -14"><span class='ocrx_word' id='word_1_374' title='bbox 0 3119 22 3146; x_wconf 76' lang='grc'>’-</span> <span class='ocrx_word' id='word_1_375' title='bbox 96 3112 225 3163; x_wconf 76' lang='lat' dir='ltr'>tur.“</span> <span class='ocrx_word' id='word_1_376' title='bbox 267 3115 403 3174; x_wconf 86' lang='lat' dir='ltr'>(Alia</span> <span class='ocrx_word' id='word_1_377' title='bbox 427 3118 488 3163; x_wconf 89' lang='lat' dir='ltr'>ad</span> <span class='ocrx_word' id='word_1_378' title='bbox 508 3116 880 3177; x_wconf 83' lang='lat' dir='ltr'>paragraphum</span> <span class='ocrx_word' id='word_1_379' title='bbox 907 3116 1188 3176; x_wconf 88' lang='lat' dir='ltr'>spectantia</span> <span class='ocrx_word' id='word_1_380' title='bbox 1213 3131 1257 3161; x_wconf 85' lang='lat' dir='ltr'>v.</span> <span class='ocrx_word' id='word_1_381' title='bbox 1285 3131 1436 3176; x_wconf 89' lang='lat' dir='ltr'>supra</span> <span class='ocrx_word' id='word_1_382' title='bbox 1463 3131 1568 3174; x_wconf 83' lang='lat' dir='ltr'>cap.</span> <span class='ocrx_word' id='word_1_383' title='bbox 1590 3115 1628 3161; x_wconf 92' lang='grc' dir='ltr'>Ι.</span> <span class='ocrx_word' id='word_1_384' title='bbox 1654 3114 1880 3160; x_wconf 89' lang='lat' dir='ltr'>Historia</span> <span class='ocrx_word' id='word_1_385' title='bbox 1907 3118 2001 3160; x_wconf 90' lang='lat' dir='ltr'>etc.</span> <span class='ocrx_word' id='word_1_386' title='bbox 2029 3131 2073 3175; x_wconf 91' lang='lat' dir='ltr'>p.</span> <span class='ocrx_word' id='word_1_387' title='bbox 2098 3117 2186 3162; x_wconf 82' lang='lat'>117</span> <span class='ocrx_word' id='word_1_388' title='bbox 2209 3115 2300 3176; x_wconf 84' lang='lat' dir='ltr'>sq.)</span> 
     </span>
    </p>
   </div>
   <div class='ocr_carea' id='block_1_18' title="bbox 241 3189 2303 3250">
    <p class='ocr_par' dir='ltr' id='par_1_18' title="bbox 241 3189 2303 3250">
     <span class='ocr_line' id='line_1_40' title="bbox 241 3189 2303 3250; baseline -0 -12"><span class='ocrx_word' id='word_1_389' title='bbox 241 3191 256 3217; x_wconf 86' lang='lat'><strong>²</strong></span> <span class='ocrx_word' id='word_1_390' title='bbox 294 3192 483 3238; x_wconf 82' lang='lat' dir='ltr'>Summi</span> <span class='ocrx_word' id='word_1_391' title='bbox 517 3192 775 3239; x_wconf 86' lang='lat' dir='ltr'>Pontificis</span> <span class='ocrx_word' id='word_1_392' title='bbox 811 3192 967 3238; x_wconf 91' lang='lat' dir='ltr'>libere</span> <span class='ocrx_word' id='word_1_393' title='bbox 1005 3206 1115 3237; x_wconf 90' lang='lat' dir='ltr'>cum</span> <span class='ocrx_word' id='word_1_394' title='bbox 1155 3194 1261 3237; x_wconf 92' lang='lat' dir='ltr'>toto</span> <span class='ocrx_word' id='word_1_395' title='bbox 1298 3205 1450 3250; x_wconf 84' lang='lat' dir='ltr'>grege</span> <span class='ocrx_word' id='word_1_396' title='bbox 1503 3189 1901 3236; x_wconf 88' lang='lat' dir='ltr'>communicandi</span> <span class='ocrx_word' id='word_1_397' title='bbox 1939 3190 2015 3235; x_wconf 86' lang='lat' dir='ltr'>ius</span> <span class='ocrx_word' id='word_1_398' title='bbox 2053 3206 2081 3236; x_wconf 92' lang='lat' dir='ltr'>a</span> <span class='ocrx_word' id='word_1_399' title='bbox 2117 3191 2303 3237; x_wconf 86' lang='lat' dir='ltr'>Febro-</span> 
     </span>
    </p>
   </div>
   <div class='ocr_carea' id='block_1_19' title="bbox 10 3266 2304 3329">
    <p class='ocr_par' dir='ltr' id='par_1_19' title="bbox 10 3266 2304 3329">
     <span class='ocr_line' id='line_1_41' title="bbox 10 3266 2304 3329; baseline 0 -16"><span class='ocrx_word' id='word_1_400' title='bbox 10 3295 19 3303; x_wconf 87' lang='lat'><strong>·</strong></span> <span class='ocrx_word' id='word_1_401' title='bbox 94 3267 283 3327; x_wconf 87' lang='lat' dir='ltr'>nianis,</span> <span class='ocrx_word' id='word_1_402' title='bbox 331 3268 581 3328; x_wconf 85' lang='lat' dir='ltr'>regalistis</span> <span class='ocrx_word' id='word_1_403' title='bbox 619 3283 895 3329; x_wconf 91' lang='lat' dir='ltr'>eorumque</span> <span class='ocrx_word' id='word_1_404' title='bbox 944 3266 1244 3327; x_wconf 89' lang='lat' dir='ltr'>sequacibus</span> <span class='ocrx_word' id='word_1_405' title='bbox 1281 3269 1523 3326; x_wconf 87' lang='lat' dir='ltr'>negatur,</span> <span class='ocrx_word' id='word_1_406' title='bbox 1564 3269 1619 3311; x_wconf 89' lang='lat' dir='ltr'>ut</span> <span class='ocrx_word' id='word_1_407' title='bbox 1655 3266 1764 3311; x_wconf 93' lang='lat' dir='ltr'>loco</span> <span class='ocrx_word' id='word_1_408' title='bbox 1800 3267 2127 3325; x_wconf 85' lang='lat' dir='ltr'>respondenti</span> <span class='ocrx_word' id='word_1_409' title='bbox 2166 3267 2304 3313; x_wconf 89' lang='lat' dir='ltr'>sche-</span> 
     </span>
    </p>
   </div>
   <div class='ocr_carea' id='block_1_20' title="bbox 95 3341 2302 3404">
    <p class='ocr_par' dir='ltr' id='par_1_20' title="bbox 95 3341 2302 3404">
     <span class='ocr_line' id='line_1_42' title="bbox 95 3341 2302 3404; baseline 0 -15"><span class='ocrx_word' id='word_1_410' title='bbox 95 3344 243 3390; x_wconf 88' lang='lat' dir='ltr'>matis</span> <span class='ocrx_word' id='word_1_411' title='bbox 278 3344 477 3404; x_wconf 83' lang='lat' dir='ltr'>pristini</span> <span class='ocrx_word' id='word_1_412' title='bbox 515 3346 759 3391; x_wconf 89' lang='lat' dir='ltr'>adnotant</span> <span class='ocrx_word' id='word_1_413' title='bbox 795 3344 1021 3404; x_wconf 90' lang='lat' dir='ltr'>theologi</span> <span class='ocrx_word' id='word_1_414' title='bbox 1047 3342 1122 3400; x_wconf 78' lang='lat' dir='ltr'>(O.</span> <span class='ocrx_word' id='word_1_415' title='bbox 1148 3342 1209 3389; x_wconf 89' lang='lat' dir='ltr'>V.</span> <span class='ocrx_word' id='word_1_416' title='bbox 1236 3344 1373 3388; x_wconf 67' lang='lat' dir='ltr'>elsa</span> <span class='ocrx_word' id='word_1_417' title='bbox 1400 3341 1545 3404; x_wconf 74' lang='lat' dir='ltr'>sqq),</span> <span class='ocrx_word' id='word_1_418' title='bbox 1586 3343 1670 3402; x_wconf 90' lang='lat' dir='ltr'>qui</span> <span class='ocrx_word' id='word_1_419' title='bbox 1706 3342 1857 3388; x_wconf 91' lang='lat' dir='ltr'>allato</span> <span class='ocrx_word' id='word_1_420' title='bbox 1897 3342 2004 3387; x_wconf 83' lang='lat' dir='ltr'>loco</span> <span class='ocrx_word' id='word_1_421' title='bbox 2043 3358 2106 3388; x_wconf 82' lang='lat' dir='ltr'>ex</span> <span class='ocrx_word' id='word_1_422' title='bbox 2143 3344 2302 3403; x_wconf 90' lang='lat' dir='ltr'>perio-</span> 
     </span>
    </p>
   </div>
   <div class='ocr_carea' id='block_1_21' title="bbox 17 3417 2302 3631">
    <p class='ocr_par' dir='ltr' id='par_1_21' title="bbox 17 3417 2302 3635">
     <span class='ocr_line' id='line_1_43' title="bbox 22 3417 2302 3479; baseline 0 -13"><span class='ocrx_word' id='word_1_423' title='bbox 22 3437 27 3443; x_wconf 72' lang='grc'>’</span> <span class='ocrx_word' id='word_1_424' title='bbox 96 3419 205 3466; x_wconf 92' lang='lat' dir='ltr'>dico</span> <span class='ocrx_word' id='word_1_425' title='bbox 253 3420 325 3479; x_wconf 80' lang='lat'>„11</span> <span class='ocrx_word' id='word_1_426' title='bbox 361 3418 666 3467; x_wconf 87' lang='lat' dir='ltr'>Mediatore“</span> <span class='ocrx_word' id='word_1_427' title='bbox 710 3421 854 3478; x_wconf 77' lang='grc'>(1862</span> <span class='ocrx_word' id='word_1_428' title='bbox 891 3436 937 3466; x_wconf 91' lang='lat' dir='ltr'>n.</span> <span class='ocrx_word' id='word_1_429' title='bbox 976 3421 1052 3465; x_wconf 77' lang='grc'>28.</span> <span class='ocrx_word' id='word_1_430' title='bbox 1099 3435 1144 3479; x_wconf 93' lang='lat' dir='ltr'>p.</span> <span class='ocrx_word' id='word_1_431' title='bbox 1183 3417 1312 3475; x_wconf 80' lang='grc'>968.)</span> <span class='ocrx_word' id='word_1_432' title='bbox 1350 3419 1473 3464; x_wconf 90' lang='lat' dir='ltr'>haec</span> <span class='ocrx_word' id='word_1_433' title='bbox 1511 3419 1726 3464; x_wconf 87' lang='lat' dir='ltr'>addunt:</span> <span class='ocrx_word' id='word_1_434' title='bbox 1778 3417 1999 3476; x_wconf 83' lang='lat' dir='ltr'>„Quibus</span> <span class='ocrx_word' id='word_1_435' title='bbox 2041 3419 2078 3463; x_wconf 92' lang='lat'>1.</span> <span class='ocrx_word' id='word_1_436' title='bbox 2118 3419 2302 3466; x_wconf 89' lang='lat' dir='ltr'>diserte</span> 
     </span>
     <span class='ocr_line' id='line_1_44' title="bbox 17 3494 2301 3556; baseline -0 -14"><span class='ocrx_word' id='word_1_437' title='bbox 17 3495 20 3498; x_wconf 65' lang='grc'><strong><em>’</em></strong></span> <span class='ocrx_word' id='word_1_438' title='bbox 94 3499 311 3556; x_wconf 89' lang='lat' dir='ltr'>negatur</span> <span class='ocrx_word' id='word_1_439' title='bbox 345 3496 559 3542; x_wconf 86' lang='lat' dir='ltr'>Romani</span> <span class='ocrx_word' id='word_1_440' title='bbox 595 3496 850 3543; x_wconf 89' lang='lat' dir='ltr'>Pontificis</span> <span class='ocrx_word' id='word_1_441' title='bbox 899 3497 976 3542; x_wconf 88' lang='lat' dir='ltr'>ius</span> <span class='ocrx_word' id='word_1_442' title='bbox 1028 3509 1140 3541; x_wconf 89' lang='lat' dir='ltr'>cum</span> <span class='ocrx_word' id='word_1_443' title='bbox 1179 3495 1441 3555; x_wconf 78' lang='lat' dir='ltr'>Episcopis</span> <span class='ocrx_word' id='word_1_444' title='bbox 1492 3495 1543 3540; x_wconf 91' lang='lat' dir='ltr'>in</span> <span class='ocrx_word' id='word_1_445' title='bbox 1590 3494 1741 3540; x_wconf 89' lang='lat' dir='ltr'>variis</span> <span class='ocrx_word' id='word_1_446' title='bbox 1779 3498 2027 3539; x_wconf 87' lang='lat' dir='ltr'>terrarum</span> <span class='ocrx_word' id='word_1_447' title='bbox 2064 3495 2185 3540; x_wconf 92' lang='lat' dir='ltr'>locis</span> <span class='ocrx_word' id='word_1_448' title='bbox 2221 3497 2301 3541; x_wconf 89' lang='lat' dir='ltr'>vel</span> 
     </span>
     <span class='ocr_line' id='line_1_45' title="bbox 95 3569 2297 3631; baseline -0 -15.034"><span class='ocrx_word' id='word_1_449' title='bbox 95 3572 263 3631; x_wconf 87' lang='lat' dir='ltr'>regnis</span> <span class='ocrx_word' id='word_1_450' title='bbox 301 3573 661 3620; x_wconf 84' lang='lat' dir='ltr'>exsistentibus</span> <span class='ocrx_word' id='word_1_451' title='bbox 697 3573 852 3619; x_wconf 89' lang='lat' dir='ltr'>libere</span> <span class='ocrx_word' id='word_1_452' title='bbox 889 3572 1314 3625; x_wconf 69' lang='lat' dir='ltr'>communicandig</span> <span class='ocrx_word' id='word_1_453' title='bbox 1369 3574 1473 3616; x_wconf 86' lang='lat' dir='ltr'>tum</span> <span class='ocrx_word' id='word_1_454' title='bbox 1511 3572 1555 3616; x_wconf 75' lang='lat'>2.</span> <span class='ocrx_word' id='word_1_455' title='bbox 1590 3573 1808 3628; x_wconf 83' lang='lat' dir='ltr'>negatur</span> <span class='ocrx_word' id='word_1_456' title='bbox 1860 3569 2045 3615; x_wconf 91' lang='lat' dir='ltr'>diserte</span> <span class='ocrx_word' id='word_1_457' title='bbox 2082 3569 2297 3616; x_wconf 85' lang='lat' dir='ltr'>officium</span> 
     </span>
    </p>
   </div>
   <div class='ocr_carea' id='block_1_22' title="bbox 98 3645 2300 3784">
    <p class='ocr_par' dir='ltr' id='par_1_22' title="bbox 98 3645 2300 3784">
     <span class='ocr_line' id='line_1_46' title="bbox 98 3645 2299 3708; baseline 0 -16"><span class='ocrx_word' id='word_1_458' title='bbox 98 3645 457 3707; x_wconf 89' lang='lat' dir='ltr'>Episcoporum</span> <span class='ocrx_word' id='word_1_459' title='bbox 484 3648 818 3708; x_wconf 87' lang='lat' dir='ltr'>respondendi</span> <span class='ocrx_word' id='word_1_460' title='bbox 844 3648 966 3694; x_wconf 89' lang='lat' dir='ltr'>iuris</span> <span class='ocrx_word' id='word_1_461' title='bbox 991 3647 1125 3693; x_wconf 91' lang='lat' dir='ltr'>illius</span> <span class='ocrx_word' id='word_1_462' title='bbox 1152 3647 1410 3705; x_wconf 87' lang='lat' dir='ltr'>exercitio,</span> <span class='ocrx_word' id='word_1_463' title='bbox 1439 3646 1837 3706; x_wconf 86' lang='lat' dir='ltr'>quotiescunque</span> <span class='ocrx_word' id='word_1_464' title='bbox 1856 3645 2046 3704; x_wconf 87' lang='lat' dir='ltr'>pastori</span> <span class='ocrx_word' id='word_1_465' title='bbox 2066 3660 2299 3705; x_wconf 91' lang='lat' dir='ltr'>supremo</span> 
     </span>
     <span class='ocr_line' id='line_1_47' title="bbox 98 3719 2300 3784; baseline 0 -17"><span class='ocrx_word' id='word_1_466' title='bbox 98 3736 210 3768; x_wconf 91' lang='lat' dir='ltr'>cum</span> <span class='ocrx_word' id='word_1_467' title='bbox 245 3723 364 3784; x_wconf 84' lang='lat' dir='ltr'>ipsis</span> <span class='ocrx_word' id='word_1_468' title='bbox 402 3725 772 3770; x_wconf 90' lang='lat' dir='ltr'>communicare</span> <span class='ocrx_word' id='word_1_469' title='bbox 806 3724 1079 3784; x_wconf 66' lang='lat' dir='ltr'>placuerit,</span> <span class='ocrx_word' id='word_1_470' title='bbox 1130 3727 1177 3770; x_wconf 88' lang='lat' dir='ltr'>et</span> <span class='ocrx_word' id='word_1_471' title='bbox 1216 3738 1241 3768; x_wconf 91' lang='lat' dir='ltr'>e</span> <span class='ocrx_word' id='word_1_472' title='bbox 1278 3722 1529 3769; x_wconf 88' lang='lat' dir='ltr'>contrario</span> <span class='ocrx_word' id='word_1_473' title='bbox 1581 3722 1621 3765; x_wconf 87' lang='lat'>3.</span> <span class='ocrx_word' id='word_1_474' title='bbox 1660 3719 1846 3765; x_wconf 87' lang='lat' dir='ltr'>diserte</span> <span class='ocrx_word' id='word_1_475' title='bbox 1882 3720 2128 3766; x_wconf 87' lang='lat' dir='ltr'>asseritur</span> <span class='ocrx_word' id='word_1_476' title='bbox 2164 3724 2300 3782; x_wconf 91' lang='lat' dir='ltr'>pote-</span> 
     </span>
    </p>
   </div>
   <div class='ocr_carea' id='block_1_23' title="bbox 21 3794 2298 3856">
    <p class='ocr_par' dir='ltr' id='par_1_23' title="bbox 21 3794 2298 3856">
     <span class='ocr_line' id='line_1_48' title="bbox 21 3794 2298 3856; baseline -0 -13"><span class='ocrx_word' id='word_1_477' title='bbox 21 3810 36 3854; x_wconf 65' lang='grc' dir='ltr'>ζ’</span> <span class='ocrx_word' id='word_1_478' title='bbox 98 3798 216 3843; x_wconf 87' lang='lat' dir='ltr'>stati</span> <span class='ocrx_word' id='word_1_479' title='bbox 267 3800 514 3845; x_wconf 86' lang='lat' dir='ltr'>saeculari</span> <span class='ocrx_word' id='word_1_480' title='bbox 559 3800 637 3845; x_wconf 91' lang='lat' dir='ltr'>ius</span> <span class='ocrx_word' id='word_1_481' title='bbox 688 3805 738 3846; x_wconf 92' lang='lat' dir='ltr'>et</span> <span class='ocrx_word' id='word_1_482' title='bbox 789 3799 1007 3845; x_wconf 84' lang='lat' dir='ltr'>officium</span> <span class='ocrx_word' id='word_1_483' title='bbox 1057 3799 1104 3844; x_wconf 90' lang='lat' dir='ltr'>in</span> <span class='ocrx_word' id='word_1_484' title='bbox 1154 3798 1409 3844; x_wconf 88' lang='lat' dir='ltr'>Pontificis</span> <span class='ocrx_word' id='word_1_485' title='bbox 1456 3794 1667 3842; x_wconf 85' lang='lat' dir='ltr'>Romani</span> <span class='ocrx_word' id='word_1_486' title='bbox 1721 3810 1829 3840; x_wconf 91' lang='lat' dir='ltr'>cum</span> <span class='ocrx_word' id='word_1_487' title='bbox 1883 3794 2135 3842; x_wconf 78' lang='lat' dir='ltr'>Ecclesiae</span> <span class='ocrx_word' id='word_1_488' title='bbox 2182 3797 2298 3856; x_wconf 87' lang='lat' dir='ltr'>Epi-</span> 
     </span>
    </p>
   </div>
   <div class='ocr_carea' id='block_1_24' title="bbox 34 3870 2300 3935">
    <p class='ocr_par' dir='ltr' id='par_1_24' title="bbox 34 3870 2300 3935">
     <span class='ocr_line' id='line_1_49' title="bbox 34 3870 2300 3935; baseline 0 -17"><span class='ocrx_word' id='word_1_489' title='bbox 34 3891 36 3894; x_wconf 48' lang='lat'><em>*</em></span> <span class='ocrx_word' id='word_1_490' title='bbox 99 3875 261 3931; x_wconf 88' lang='lat' dir='ltr'>scopis</span> <span class='ocrx_word' id='word_1_491' title='bbox 298 3876 798 3922; x_wconf 89' lang='lat' dir='ltr'>communicationem</span> <span class='ocrx_word' id='word_1_492' title='bbox 834 3874 1141 3935; x_wconf 86' lang='lat' dir='ltr'>invigilandi,</span> <span class='ocrx_word' id='word_1_493' title='bbox 1182 3875 1516 3934; x_wconf 83' lang='lat' dir='ltr'>eandemque,</span> <span class='ocrx_word' id='word_1_494' title='bbox 1554 3874 1703 3932; x_wconf 89' lang='lat' dir='ltr'>prout</span> <span class='ocrx_word' id='word_1_495' title='bbox 1742 3886 1766 3915; x_wconf 87' lang='lat' dir='ltr'>e</span> <span class='ocrx_word' id='word_1_496' title='bbox 1802 3870 2084 3918; x_wconf 87' lang='lat' dir='ltr'>rationibus</span> <span class='ocrx_word' id='word_1_497' title='bbox 2120 3876 2300 3934; x_wconf 80' lang='lat' dir='ltr'>status,</span> 
     </span>
    </p>
   </div>
   <div class='ocr_carea' id='block_1_25' title="bbox 185 3950 1953 4000">
    <p class='ocr_par' dir='ltr' id='par_1_25' title="bbox 185 3950 1953 4000">
     <span class='ocr_line' id='line_1_50' title="bbox 185 3950 1953 4000; baseline -0.001 -9"><span class='ocrx_word' id='word_1_498' title='bbox 185 3959 217 3991; x_wconf 86' lang='lat' dir='ltr'><strong>G</strong></span> <span class='ocrx_word' id='word_1_499' title='bbox 228 3959 400 3991; x_wconf 81' lang='lat' dir='ltr'>rander</span> <span class='ocrx_word' id='word_1_500' title='bbox 411 3960 504 3997; x_wconf 83' lang='lat' dir='ltr'>ath,</span> <span class='ocrx_word' id='word_1_501' title='bbox 537 3961 695 3992; x_wconf 86' lang='lat' dir='ltr'>Constit.</span> <span class='ocrx_word' id='word_1_502' title='bbox 718 3960 884 4000; x_wconf 80' lang='lat' dir='ltr'>dogmat.</span> <span class='ocrx_word' id='word_1_503' title='bbox 1902 3950 1953 3989; x_wconf 83' lang='lat'>15</span> 
     </span>
    </p>
   </div>
  </div>
 </body>
</html>
