2548 4290
538 129 649 168 Eius
682 139 777 180 cap.
810 127 868 167 ΙΙ.
921 128 990 167 De
1021 127 1306 168 revelatione.
1371 126 1481 181 Cap.
1510 127 1592 167 ΙΙΙ.
1646 128 1715 168 De
1745 127 1845 168 fide.
2233 127 2295 177 81

93 277 326 328 humana
362 273 627 325 industria
665 273 999 338 concinnati,
1049 290 1147 324 sua
1187 272 1382 324 deinde
1424 272 1747 324 auctoritate
1798 272 1904 322 sint
1942 270 2228 340 approbati
2253 268 2301 334 13

93 374 191 411 nec
238 356 360 408 ideo
412 357 723 418 dumtaxat,
775 355 920 424 quod
958 356 1350 408 revelationem
1399 356 1514 407 sine
1554 372 1736 407 errore
1777 352 2153 420 contineant23
2208 352 2302 404 sed

93 449 381 511 propterea
434 439 579 509 quod
628 439 834 507 Spiritu
881 439 1080 490 Sancto
1134 439 1431 508 inspirante
1488 436 1817 506 conscripti3
1865 437 2046 490 Deum
2099 436 2305 489 habent

93 527 384 588 auctorem,
425 527 587 591 atque
626 527 687 574 ut
724 521 861 573 tales
900 522 1003 589 ipsi
1043 521 1322 574 Ecclesiae
1362 521 1548 573 traditi
1587 526 1711 572 sunt
1728 519 1764 570 4.

240 604 332 672 [4.]
386 604 653 664 Quoniam
704 622 864 669 ver0,
921 622 1059 674 quae
1110 610 1296 656 sancta
1346 604 1666 656 Tridentina
1718 603 1970 673 Synodus
2022 602 2087 654 de
2139 603 2306 655 inter-

21 698 24 701 '
94 688 396 759 pretatione
447 687 661 740 divinae
702 689 1016 758 Scripturae
1071 688 1139 739 ad
1191 688 1492 740 coercenda
1542 686 1846 757 petulantia
1893 687 2114 755 ingenia
2165 687 2307 738 salu-

92 773 259 824 briter
298 771 557 837 decrevit,
597 789 630 823 a
668 771 991 840 quibusdam
1031 771 1338 823 hominibus
1377 789 1544 841 prave
1586 775 1951 840 exponuntur,
1993 769 2121 836 Nos,
2161 770 2306 822 idem

95 855 370 907 decretum
396 858 722 906 renovantes
740 854 777 921 5,
815 855 955 905 hanc
981 854 1125 906 illius
1153 859 1392 906 mentem
1421 871 1536 906 esse
1566 853 1920 919 declaramuS,
1960 857 2019 904 ut
2053 854 2108 904 in
2146 853 2309 906 rebus

94 937 219 990 fidei
260 942 314 989 et
352 955 578 1002 morum,
620 937 689 989 ad
730 937 1163 989 aedificationem
1193 937 1472 989 doctrinae
1502 936 1840 989 Christianae
1865 936 2257 1005 pertinentium
2272 935 2308 1003 ⁶,

94 1020 137 1073 is
174 1037 272 1090 pro
312 1038 441 1072 vero
483 1038 642 1071 sensu
669 1038 853 1072 sacrae
884 1020 1196 1090 Scripturae
1224 1020 1509 1072 habendus
1543 1021 1628 1085 sit,
1668 1038 1828 1089 quem
1855 1020 2031 1072 tenuit
2058 1036 2120 1071 ac
2160 1024 2312 1072 tenet

97 1104 293 1157 Sancta
319 1103 494 1155 Mater
530 1103 789 1170 Ecclesia,
832 1105 982 1155 cuius
1022 1110 1102 1156 est
1139 1104 1378 1156 iudicare
1420 1104 1485 1156 de
1525 1121 1655 1156 vero
1697 1121 1858 1156 sensu
1898 1108 1951 1155 et
1990 1103 2311 1173 interpreta-

95 1188 239 1239 tione
281 1186 681 1256 Scripturarum
731 1193 1063 1255 sanctarum3
1116 1192 1278 1256 atque
1318 1188 1442 1240 ideo
1480 1188 1686 1240 nemini
1735 1188 1899 1240 licere
1940 1192 2129 1239 contra
2168 1187 2312 1239 hunc

96 1287 326 1335 sensum,
369 1275 463 1321 aut
502 1270 666 1322 etiam
706 1276 894 1323 contra
932 1271 1246 1323 unanimem
1284 1287 1603 1323 consensum
1644 1271 1869 1323 Patrum
1909 1271 2081 1339 ipsam
2123 1270 2313 1338 Scrip-

96 1359 271 1406 turam
312 1370 520 1405 sacram
559 1353 909 1422 interpretari
926 1354 961 1406 ⁷.

1011 1535 1262 1588 CAPUT
1305 1534 1409 1587 III.

1093 1650 1151 1694 De
1182 1648 1261 1693 fide
1278 1651 1308 1694 8.

243 1760 343 1831 [1.]
386 1762 564 1823 Quum
604 1764 765 1816 homo
802 1783 834 1816 a
873 1764 991 1816 Deo
1043 1770 1301 1833 tanquam
1344 1763 1602 1816 Creatore
1656 1767 1709 1815 et
1748 1762 1984 1814 Domino
2041 1779 2135 1813 suo
2173 1766 2318 1813 totus

100 1845 422 1914 dependeat,
464 1852 517 1899 et
556 1848 692 1900 ratio
735 1853 916 1900 creata
956 1849 1229 1900 increatae
1260 1848 1495 1901 Veritati
1536 1847 1755 1916 penitus
1795 1844 2037 1896 subiecta
2078 1845 2161 1911 sit,
2203 1844 2317 1914 ple-

99 1946 227 1980 num
266 1930 533 1982 revelanti
573 1931 694 1983 Deo
735 1932 1040 1984 intellectus
1081 1937 1135 1983 et
1174 1932 1469 1983 voluntatis
1520 1930 1838 1999 obsequium
1894 1927 1999 1979 fide
2039 1935 2316 1996 praestare

98 2016 348 2064 tenemur
367 2012 403 2064 ⁹.
479 2014 638 2066 Hanc
677 2032 804 2067 vero
845 2015 1036 2081 fidem,
1089 2033 1226 2084 quae
1267 2015 1537 2067 humanae
1577 2014 1763 2065 salutis
1802 2011 2014 2062 initium
2055 2018 2161 2076 est,
2211 2010 2313 2063 Ec-

242 2195 257 2222 ¹
292 2196 425 2242 Num
485 2198 578 2244 hac
637 2199 888 2245 sententia
939 2199 1169 2246 doctrina
1219 2199 1380 2246 Lessii
1433 2203 1483 2245 et
1532 2198 1921 2245 Lovaniensium
1973 2200 2211 2254 notetur,
2268 2212 2316 2244 v.

99 2270 218 2319 ibid.
254 2287 299 2333 p.
339 2273 399 2318 49
437 2289 544 2334 sqq.

246 2347 262 2374 ²
303 2348 459 2407 „Nam
497 2350 537 2396 si
572 2350 858 2398 huiusmodi
894 2352 1010 2399 libri
1047 2355 1215 2398 essent
1240 2352 1487 2412 inspirati,
1526 2367 1696 2398 omnes
1732 2367 1950 2398 canones
1978 2350 2316 2398 Conciliorum

99 2423 240 2471 libris
277 2426 432 2472 sacris
470 2430 637 2473 essent
673 2426 1080 2475 adnumerandi.“
1154 2427 1372 2486 (Relatio
1412 2433 1506 2475 etc.
1578 2428 1632 2475 O.
1668 2428 1729 2475 V.
1769 2430 1855 2474 141
1875 2427 1941 2485 a.)

248 2499 264 2526 ³
301 2500 668 2550 Offendebatur
692 2519 822 2550 unus
848 2520 910 2551 ex
936 2504 1188 2564 Patribus,
1221 2505 1355 2565 quod
1380 2505 1474 2551 hoc
1500 2505 1610 2551 loco
1636 2506 1791 2552 verba
1818 2520 1881 2551 ex
1906 2504 1975 2550 II.
2001 2504 2138 2551 Petr.
2172 2505 2212 2563 1,
2240 2505 2317 2562 21,

101 2577 283 2636 quibus
320 2580 516 2624 tantum
554 2579 614 2625 de
642 2580 919 2640 prophetiis
946 2596 1108 2627 sermo
1135 2585 1284 2640 esset,
1321 2581 1603 2640 generatim
1640 2581 1702 2627 ad
1739 2580 1894 2627 libros
1930 2581 2204 2641 inspiratos
2241 2595 2320 2626 re-

101 2651 373 2699 ferrentur.
434 2653 610 2699 Voluit
646 2655 798 2701 scribi
833 2671 896 2702 ex
932 2656 1001 2703 II.
1037 2656 1165 2704 Tim.
1202 2658 1247 2715 3,
1290 2658 1370 2703 16:
1414 2657 1683 2717 ⁷,divinitus
1720 2653 1999 2716 inspirati“.
2049 2656 2318 2714 (Emenda-

100 2727 265 2774 tiones
302 2732 395 2775 etc.
445 2729 498 2776 O.
534 2729 595 2775 V.
636 2732 726 2777 125
742 2730 808 2788 d.)
855 2732 1136 2793 Respondit
1167 2732 1497 2792 Brixinensis,
1534 2735 1705 2791 verba,
1743 2748 1896 2793 quum
1935 2748 1996 2779 ex
2023 2732 2317 2779 Florentino

104 2804 305 2851 decreto
341 2810 602 2866 assumpta
638 2812 821 2866 essent,
859 2808 1123 2855 retinenda
1159 2824 1284 2856 esse.
1355 2808 1573 2867 (Relatio
1612 2812 1706 2855 etc.
1777 2808 1832 2856 O.
1867 2808 1928 2856 V.
1966 2810 2058 2855 239
2074 2808 2143 2867 b.)

247 2878 267 2906 4
301 2881 376 2928 De
403 2885 511 2928 tota
534 2882 628 2929 hac
655 2883 946 2930 definitione
970 2900 1014 2930 v.
1043 2899 1195 2945 supra
1219 2900 1326 2944 cap.
1354 2885 1422 2933 Il.
1450 2888 1715 2931 comment.
1743 2884 1839 2931 ΙΠ.
1867 2884 1922 2930 Ρ.
1949 2884 2017 2930 ΙΙ.
2046 2900 2092 2945 p.
2122 2886 2181 2930 47
2210 2900 2318 2946 sqq.

247 2955 263 2982 ⁵
300 2956 404 3004 Cur
440 2957 723 3005 Tridentini
771 2959 1029 3006 decretum
1078 2960 1312 3007 renovari
1350 2961 1561 3019 debeat,
1614 2976 1659 3005 v.
1710 2975 1862 3021 supra
1913 2976 2019 3021 cap.
2068 2960 2136 3006 II.
2189 2975 2320 3007 com-

103 3038 257 3079 ment.
292 3033 389 3080 III.
427 3050 473 3094 p.
511 3035 587 3081 53.

248 3106 264 3134 ⁶
300 3109 703 3171 Explicationem
741 3111 921 3157 horum
958 3111 1227 3158 verborum
1264 3127 1311 3158 v.
1348 3111 1467 3158 ibid.
1504 3127 1551 3172 p.
1589 3113 1650 3157 54
1688 3127 1797 3172 sqq.

252 3184 266 3210 ⁷
304 3185 481 3233 Totius
517 3186 666 3233 huius
702 3188 1008 3248 paragraphi
1046 3188 1435 3248 explicationem
1471 3204 1517 3236 v.
1554 3187 1672 3235 ibid
1711 3187 1766 3234 P.
1804 3187 1900 3233 III.
1938 3204 1983 3248 p.
2022 3189 2081 3233 53
2120 3162 2227 3248 sqq

251 3259 267 3286 ⁸
302 3261 453 3308 Rmus
491 3262 754 3310 Conradus
790 3263 1006 3322 Martin,
1054 3263 1334 3325 Episcopus
1370 3263 1817 3321 Paderbornensis,
1870 3264 1955 3324 qui
1992 3263 2052 3309 de
2090 3262 2322 3309 emenda-

105 3335 326 3384 tionibus
361 3338 412 3384 in
460 3343 611 3400 caput
647 3339 852 3385 tertium
901 3339 1111 3400 eiusque
1161 3355 1377 3386 canones
1414 3340 1684 3401 propositis
1730 3338 1932 3385 nomine
1979 3338 2322 3400 deputationis

106 3412 403 3460 relationem
428 3415 628 3462 habuit:
671 3415 972 3475 „Deputatio
1001 3451 1011 3461 .
1038 3452 1047 3462 .
1075 3452 1084 3462 .
1112 3416 1205 3463 sibi
1230 3413 1513 3477 proponit,“
1542 3416 1720 3477 inquit,
1756 3415 1835 3475 „in
1858 3415 1954 3461 hoc
1979 3415 2141 3476 capite
2168 3415 2319 3462 tertio

109 3500 362 3548 exponere
399 3490 676 3537 doctrinam
716 3491 775 3537 de
809 3490 933 3550 fide3
987 3491 1088 3549 sed,
1127 3492 1262 3552 quod
1298 3494 1426 3540 bene
1460 3491 1739 3538 notandum
1778 3495 1869 3550 est,
1907 3505 2006 3537 non
2044 3505 2153 3537 eam
2191 3506 2321 3537 com-

107 3563 292 3624 pletam
331 3568 381 3612 et
417 3566 729 3627 absolutam,
778 3568 926 3614 sicuti
961 3568 1012 3613 in
1048 3528 1334 3628 theologico
1383 3568 1552 3629 aliquo
1589 3570 1813 3614 tractatu
1850 3566 2134 3614 exhibenda
2169 3566 2320 3626 foret,

42 3650 47 3652 ⁴
110 3640 198 3686 sed
230 3641 398 3701 potius
435 3646 745 3689 contractam
781 3644 843 3689 ad
878 3643 964 3690 illa
1001 3646 1214 3704 puncta,
1253 3658 1382 3704 quae
1417 3643 1673 3690 hodiernis
1711 3643 1844 3688 circa
1878 3642 2027 3688 fidem
2064 3642 2320 3689 erroribus

24 3714 26 3718 '
112 3715 483 3778 opponunturf‘
555 3719 770 3776 (Relatio
809 3723 903 3767 etc.
973 3719 1028 3766 O.
1063 3719 1127 3767 V.
1166 3719 1301 3765 165d
1340 3718 1432 3780 sq.)

255 3791 272 3818 ⁹
305 3792 443 3839 Haec
481 3795 756 3854 sententia,
797 3811 859 3841 ex
895 3796 1060 3856 capite
1096 3795 1255 3841 altero
1294 3795 1562 3841 schematis
1600 3794 1659 3840 de
1697 3793 1926 3840 doctrina
1963 3793 2212 3841 catholica
2246 3809 2323 3841 re-

113 3872 258 3928 cepta
292 3868 367 3926 (G.
395 3869 455 3916 V.
483 3870 620 3916 507d
647 3869 756 3931 sq.),
792 3871 841 3916 in
879 3871 1135 3917 schemate
1170 3869 1331 3931 primo
1368 3870 1644 3916 reformato
1682 3868 2039 3916 continebatur
2073 3870 2124 3915 in
2160 3869 2321 3917 altero

199 3953 521 3990 Granderath‚
553 3954 712 3985 Constit.
736 3955 903 3994 dogmat.
1948 3949 1972 3988 6
