2548 4290
254 156 498 198 Comment.
529 154 587 194 Π.
642 155 711 194 De
740 153 863 193 Petri
894 152 1098 192 Primatu
1129 153 1264 202 atque
1296 149 1352 189 ad
1383 154 1554 189 ceteros
1586 148 1835 202 Apostolos
1865 150 2048 188 ratione.
2160 145 2257 195 131

42 316 285 377 litanum,
325 310 419 362 ubi
460 308 777 378 expendens
805 308 898 359 illa
925 307 1119 359 verba:
1167 306 1247 358 Tu
1274 324 1322 358 63
1349 308 1532 358 Petrus
1556 313 1654 373 eta,
1693 309 1893 377 inquit:
1936 308 2118 374 ,Petro
2148 306 2260 357 dio-

45 402 155 450 tum
183 398 263 447 est
303 393 418 444 sine
460 392 579 444 aliis
607 397 661 444 et
687 409 795 443 non
826 391 944 442 aliis
984 391 1098 441 sine
1128 389 1313 455 Petro,
1353 395 1412 440 ut
1439 390 1780 458 intelligatur
1820 391 1894 441 sic
1922 391 1971 442 ei
1998 390 2257 441 attributa

43 482 280 551 potestas
320 474 653 540 huiusmodi,
705 479 765 525 ut
804 474 921 525 aliis
962 474 1077 524 sine
1117 473 1234 542 ipso
1289 490 1403 524 esse
1445 490 1554 524 non
1593 474 1789 541 possit,
1841 474 1945 543 ipsi
1983 474 2098 525 sine
2138 473 2259 524 aliis

45 578 156 614 esse
197 559 367 629 possit
406 575 476 610 ex
515 557 803 627 privilegio
856 557 957 608 sibi
1005 556 1198 607 collato
1252 561 1305 607 et
1346 573 1416 607 ex
1467 572 1724 608 concessa
1773 556 1874 607 sibi
1921 555 2261 625 plenitudine

45 641 357 714 potestatis.‘
385 640 400 671 ¹
452 641 644 710 Itaque
687 658 757 692 ex
797 640 1030 692 laudatis
1070 638 1251 691 verbis
1290 638 1558 707 quaedam
1601 638 1744 690 dicta
1785 644 1909 689 sunt
1936 640 2099 690 Petro
2142 639 2258 691 sine

43 727 158 780 aliis
197 725 509 793 Apostolis,
567 724 834 793 quaedam
887 723 1030 775 dicta
1068 728 1191 775 sunt
1230 721 1536 791 Apostolis,
1592 721 1688 773 sed
1746 739 1855 773 non
1906 722 2020 774 sine
2074 722 2260 774 Petro,

46 810 325 871 Quaenam
364 812 489 859 sunt
527 806 700 860 haee?
768 807 896 859 Tria
936 806 1290 859 celeberrima
1342 806 1434 857 illa
1473 805 1812 857 testimonia:
1880 804 1958 856 Tu
1998 823 2046 856 63
2083 805 2268 857 Petrus

46 935 59 947 .
100 935 110 945 .
155 933 164 942 .
209 891 475 957 Confirmet.
499 890 705 957 fratres
747 931 757 941 .
803 933 812 941 .
857 932 866 940 .
907 889 1062 941 Pasce
1100 906 1206 940 oves
1244 894 1287 940 et
1323 905 1479 957 aynos
1521 929 1529 937 .
1575 931 1584 939 .
1628 931 1637 939 .
1682 888 1976 957 praecipua
2003 888 2098 939 illa
2139 905 2262 939 con-

46 977 250 1038 tinent,
301 991 438 1043 quae
482 973 626 1024 dicta
665 985 790 1025 sunt
830 975 995 1024 Petro
1037 974 1150 1024 sine
1191 972 1497 1041 ApostoliS,
1538 972 1633 1022 sed
1674 973 1728 1021 in
1768 972 2078 1041 praesentia
2119 973 2267 1039 Apo-

43 1058 318 1111 stolorum.
382 1057 534 1117 Quae
576 1073 706 1108 vero
751 1054 1068 1107 emendator
1107 1055 1380 1124 proponit,
1421 1054 1659 1105 scilicet:
1703 1053 2056 1123 Quaecumque
2093 1054 2269 1123 alliqu-

44 1141 210 1193 veritis
249 1180 259 1190 .
303 1182 312 1191 .
357 1183 367 1192 .
408 1140 601 1191 Euntes
636 1139 795 1191 docete
834 1145 935 1203 ete„
975 1139 1273 1207 respiciunt
1310 1155 1399 1202 ea,
1443 1155 1578 1206 quae
1622 1137 1765 1188 dicta
1805 1142 1930 1188 sunt
1970 1138 2265 1206 ApostoliS,

47 1228 100 1277 at
138 1241 248 1275 non
300 1225 413 1274 sine
452 1222 635 1275 Petr0.
712 1222 777 1273 In
832 1239 1062 1290 quanam
1118 1238 1247 1289 ergo
1300 1221 1564 1272 relatione
1617 1225 1741 1271 sunt
1791 1221 1933 1272 inter
1985 1221 2080 1272 se?
2146 1220 2268 1272 Hoc

48 1312 143 1372 est,
185 1306 329 1375 quod
368 1306 578 1375 quaerit
619 1305 967 1357 emendator:
1011 1305 1203 1356 relatio
1246 1308 1397 1373 patet
1439 1321 1510 1355 ex
1554 1308 1832 1355 contextu.

197 1392 508 1461 „Siquidem
549 1391 692 1461 quod
735 1392 790 1442 in
831 1392 1004 1460 primo
1046 1396 1230 1442 textu:
1278 1390 1359 1442 Tu
1398 1408 1445 1442 63
1482 1390 1667 1442 Petrus
1704 1396 1804 1457 ete„
1843 1390 1995 1442 Iesus
2024 1391 2269 1443 Christus

52 1476 313 1529 Dominus
353 1480 533 1527 noster
573 1476 828 1544 respiciat
868 1493 1036 1525 unum
1076 1474 1328 1539 Petrum,
1386 1479 1439 1525 et
1482 1491 1551 1525 ex
1592 1479 1748 1525 textu
1790 1479 1872 1525 est
1913 1474 2162 1539 evidenS,
2217 1479 2270 1526 et

51 1564 232 1612 orator
270 1557 339 1608 ad
378 1557 592 1609 literam
634 1557 908 1622 conceditg
952 1556 1244 1626 Apostolos
1286 1556 1429 1607 enim
1460 1574 1644 1607 omncs
1684 1562 1997 1625 praesentes
2027 1556 2271 1608 Christus

53 1640 359 1709 adloquitur
415 1640 625 1691 dicens:
685 1639 842 1703 Quem
881 1656 958 1690 me
1010 1638 1186 1689 dicunt
1235 1638 1500 1689 homiues?
1557 1644 1610 1689 et
1666 1656 1850 1690 omnes
1905 1640 2270 1709 respondent:

51 1724 162 1775 Alii
209 1722 407 1788 Elium,
459 1724 554 1774 alu·
600 1723 843 1774 Ioannem
894 1723 1211 1790 Baptistam,
1263 1722 1356 1771 alu·
1404 1720 1738 1773 Hieremiam.
1818 1722 1970 1772 Tunc
2026 1722 2271 1775 Christus

52 1808 240 1859 iterat:
305 1805 402 1857 Vos
449 1811 616 1857 aedem
667 1823 813 1874 quem
864 1822 941 1855 me
989 1822 1087 1856 6336
1126 1804 1332 1855 dicitis?
1398 1804 1605 1856 Ceteris
1657 1805 1934 1873 Apostolis
1987 1806 2270 1859 silentibus

53 1890 247 1941 Petrus
287 1889 609 1957 respondet:
656 1888 737 1939 Tu
775 1906 823 1939 63
864 1888 1107 1950 Clu-istm,
1149 1887 1321 1938 Filius
1360 1887 1461 1939 Dei
1498 1890 1611 1940 vivi.
1691 1888 1845 1939 Tunc
1884 1888 2127 1941 Christus
2167 1897 2271 1942 sta-

54 1973 176 2025 tim:
230 1973 422 2024 Beatus
458 1990 531 2038 63,
571 1974 748 2024 Simon
788 1972 1078 2039 Bar-Iona,
1124 1973 1245 2040 quia
1287 1989 1385 2023 77077
1422 1989 1538 2023 caro
1578 1978 1620 2023 et
1656 1974 1867 2041 sanquis
1903 1975 2134 2024 revelavit
2169 1975 2273 2041 tibi,

52 2057 138 2109 sed
164 2057 318 2108 Pater
357 2073 510 2120 meus7
548 2058 640 2125 qui
676 2058 732 2107 iu
770 2057 912 2107 coelis
949 2062 1031 2107 est.
1086 2054 1192 2106 Sed
1234 2060 1361 2105 tunc
1403 2056 1608 2124 pergit:
1650 2056 1718 2106 Et
1754 2074 1835 2124 esso
1876 2056 1983 2108 (lico
2009 2058 2110 2124 tibi,
2149 2060 2271 2127 quia

54 2146 109 2192 tu
146 2158 194 2192 63
228 2140 411 2191 Petrus
451 2140 688 2208 (Cephas
728 2140 960 2205 scilicet,
1015 2140 1105 2208 qui
1146 2139 1283 2189 hanc
1326 2139 1722 2191 confessionem
1765 2141 1987 2207 fecisti),
2043 2148 2084 2192 et
2121 2159 2275 2210 super

55 2224 186 2276 hanc
219 2229 420 2292 petram
458 2224 734 2289 aedificabo
773 2223 1048 2274 Ecclesiam
1089 2240 1270 2288 meam,
1309 2229 1351 2273 et
1383 2230 1558 2290 portae
1599 2224 1758 2291 inferi
1782 2242 1882 2275 uou
1912 2226 2275 2293 praevalebunt

53 2307 296 2359 adversus
338 2325 462 2359 eam.
537 2308 605 2358 Et
642 2308 733 2358 tibi
770 2307 897 2359 dabo
935 2308 1092 2358 claves
1130 2308 1276 2374 requi
1323 2308 1586 2359 coelorum.
1666 2308 1895 2374 Quaes0,
1951 2310 2272 2378 quibusnam

56 2390 369 2442 clarioribus
409 2391 588 2442 verbis
628 2395 842 2458 poterat
872 2390 1115 2441 Christus
1157 2390 1519 2441 determinare
1561 2408 1846 2459 porsonam
1875 2392 2067 2443 Petri?
2110 2394 2272 2444 Illum

56 2473 296 2543 appellat
335 2474 553 2525 nomine
594 2474 888 2524 nativitatis
928 2474 1120 2539 Simon,
1159 2474 1377 2524 nomine
1420 2475 1760 2541 paternitatis
1801 2475 2095 2540 Bar-Iona,
2136 2478 2274 2528 filius

54 2558 287 2622 IoanniS,
329 2557 606 2625 subiungit
635 2574 954 2626 cognomen,
997 2574 1100 2625 quo
1130 2558 1245 2625 ipse
1277 2575 1399 2608 eum
1429 2558 1910 2626 cognominaverat
1939 2590 2006 2595 —-
2034 2566 2087 2610 tu
2115 2578 2163 2612 63
2187 2561 2276 2612 Ρ6-

53 2647 179 2705 trus,
220 2645 273 2692 et
311 2640 550 2709 assignat
589 2642 855 2692 rationem
896 2642 1027 2708 eius,
1069 2641 1212 2709 quod
1242 2640 1481 2692 dicturus
1510 2648 1590 2693 est
1619 2672 1682 2677 ——
1713 2642 1868 2693 Pater
1905 2645 2136 2695 revelavit
2172 2645 2274 2711 tibi,

58 2729 112 2775 et
152 2724 456 2793 pollicetur,
497 2741 553 2775 se
582 2724 833 2775 daturum
874 2725 975 2793 ipsi
1004 2725 1168 2776 Petro
1200 2756 1261 2759 ψ
1290 2743 1371 2792 eqo
1400 2725 1526 2775 dabo
1553 2725 1656 2776 ubi.
1712 2725 1993 2784 Quaenam
2024 2746 2152 2796 ergo
2196 2734 2275 2779 est

58 2808 249 2860 relatio
301 2809 353 2857 in
404 2808 504 2859 hoc
561 2826 685 2859 casu
737 2808 875 2859 inter
930 2808 1203 2859 Christum
1261 2808 1359 2875 [et]
1412 2810 1551 2860 inter
1602 2809 1826 2860 Petrum
1878 2816 1932 2861 et
1981 2809 2274 2879 Apostolos

60 2891 408 2959 praesentes?
471 2890 639 2942 Nulla
690 2891 796 2942 alia
846 2892 1131 2943 literaliter
1183 2899 1360 2960 potest
1412 2909 1526 2943 esse
1579 2893 1752 2960 prima
1804 2893 1982 2945 fronte
2023 2896 2120 2946 nisi
2163 2896 2273 2961 illa,

59 2992 196 3042 quae
258 2974 547 3027 intercedit
610 2975 749 3027 inter
806 2975 1077 3028 Christum
1146 2975 1469 3039 donantem,
1534 2977 1759 3027 Petrum
1820 2976 2159 3029 donatariuni
2223 2986 2275 3031 et

59 3058 351 3126 Apostolos
392 3063 556 3110 testes
596 3059 917 3111 donationis,
981 3059 1113 3110 Dixi
1152 3060 1328 3129 prima
1368 3059 1545 3110 fronte
1585 3060 1653 3111 ad
1692 3060 1924 3125 literam,
1965 3062 2058 3112 sed
2100 3064 2274 3130 quoad

60 3160 199 3208 rem,
241 3147 300 3193 ut
338 3144 454 3211 ipse
496 3143 861 3194 emendatoris
903 3143 1243 3195 distinctione
1285 3149 1431 3210 utar,
1483 3144 1660 3211 quoad
1699 3162 1813 3195 rem
1853 3145 2022 3212 ipsam
2065 3146 2156 3197 illa
2197 3165 2275 3198 re-

61 3226 189 3278 latio
231 3230 312 3278 est
349 3226 489 3278 inter
528 3231 661 3292 treS,
715 3244 852 3294 quae
894 3227 1153 3277 naturalis
1196 3232 1301 3290 est,
1355 3228 1494 3277 inter
1546 3244 1855 3296 supremum
1898 3227 2169 3280 Christum
2223 3236 2276 3282 et

14 3301 19 3304 ἢ
61 3309 471 3360 subordinatum
509 3309 769 3374 Petrum,
830 3314 882 3360 et
937 3309 1077 3360 inter
1129 3310 1461 3377 superiorem
1515 3310 1738 3361 Petrum
1791 3316 1844 3362 et
1898 3310 2275 3365 subordinatus

62 3392 370 3460 Apostolos.

211 3580 223 3605 ¹
263 3579 337 3626 Cf.
384 3580 552 3640 Migne
603 3581 656 3627 P.
703 3581 758 3627 L.
808 3580 1050 3640 CCXIV,
1101 3583 1208 3628 760.
1278 3582 1471 3629 Textus
1519 3584 1598 3629 hic
1647 3589 1747 3630 est:
1804 3584 1979 3642 „Quod
2032 3585 2070 3630 si
2122 3587 2277 3633 omni-

65 3656 158 3702 bus
210 3656 358 3703 etiam
412 3655 669 3715 Apostolis
722 3657 869 3703 simul
929 3657 1115 3704 dictum
1170 3673 1278 3704 esse
1330 3660 1581 3719 reperias,
1641 3675 1739 3706 non
1788 3665 1955 3707 tamen
2007 3661 2117 3706 aliis
2171 3664 2276 3710 sine

65 3731 200 3789 ipso,
253 3731 338 3777 sed
390 3731 483 3792 ipsi
531 3732 637 3777 sine
685 3731 795 3778 aliis
847 3733 1144 3780 attributam
1195 3748 1303 3779 esse
1352 3749 1622 3795 cognosces
1673 3735 1860 3796 ligandi
1899 3742 1948 3781 et
1985 3737 2209 3784 solvendi
2247 3754 2276 3785 a

68 3805 282 3852 Domino
319 3805 641 3866 facultatem3
693 3811 750 3853 ut
802 3808 933 3868 quod
970 3823 1070 3853 non
1107 3807 1191 3853 alii
1229 3808 1334 3855 sine
1369 3810 1508 3870 ipso,
1560 3810 1668 3870 ipse
1719 3811 1824 3856 sine
1861 3810 1971 3856 aliis
2008 3817 2176 3872 posset
2213 3829 2277 3860 ex

71 3881 331 3942 privilegio
370 3882 462 3927 sibi
499 3882 679 3928 collato
716 3898 745 3928 a
781 3883 995 3930 Domino
1032 3887 1080 3930 et
1117 3899 1354 3930 concessa
1388 3884 1703 3946 plenitudine
1741 3886 2055 3947 potestatis.“

1865 3964 1931 4007 9*
