2548 4290
235 142 306 194 40
424 143 537 184 Pars
568 142 603 183 Ι.
662 140 816 183 Const.
853 141 908 182 de
939 139 1041 181 fide.
1106 139 1217 194 Cap.
1252 140 1311 181 II.
1368 139 1785 182 commentationes
1819 141 1874 182 de
1905 141 2143 195 aliquibus
2174 142 2306 184 locis.

233 290 603 354 revelatione,
651 287 749 341 sed
789 287 974 358 aliquo
1017 292 1204 339 tamen
1245 286 1567 339 adiumento
1600 286 1867 356 indigeat,
1910 293 1970 338 ut
2012 304 2083 339 ex
2124 292 2504 341 creaturarum

234 373 673 430 consideratione
716 372 786 425 ad
827 377 1035 425 certam
1075 372 1184 425 Dei
1225 372 1599 441 cognitionem
1643 372 1936 441 pervenire
1977 372 2166 442 possit,
2207 372 2335 425 idea
2374 391 2507 444 qua-

233 462 376 527 dam,
419 477 525 530 qua
554 476 724 525 menS,
755 464 1052 529 antequam
1082 476 1154 511 ex
1181 458 1449 511 creaturis
1478 457 1663 510 Deum
1694 458 2036 528 cognoverit,
2080 458 2197 511 eius
2226 459 2504 529 quandam

233 547 388 618 quasi
429 547 535 597 iam
579 544 1060 598 adumbrationem
1099 543 1289 597 videat
1329 544 1557 596 rationis
1597 561 1765 613 opera
1805 543 2218 614 perficiendam,
2259 562 2357 597 seu
2398 562 2507 616 qua

232 631 639 703 quodammodo
680 631 839 684 verbi
878 630 984 683 Dei
1027 630 1248 683 vocales
1289 630 1398 682 iam
1441 629 1791 698 pronuntiet,
1846 629 2068 700 quibus,
2110 648 2280 700 quum
2321 629 2503 683 Deum

233 736 305 771 ex
348 722 726 770 creaturarum
770 716 1213 769 consideratione
1255 720 1570 785 cognoscat,
1614 714 1770 767 addit
1814 721 2200 769 consonantes,
2280 716 2503 786 Negare

231 803 410 856 solent
447 803 503 856 hi
531 803 635 855 viri
665 802 838 868 docti,
878 801 1235 872 suppeditare
1263 807 1612 871 argumenta,
1655 800 1852 870 quibus
1881 802 2012 872 ipsis
2053 802 2134 853 vis
2173 802 2339 871 plena
2376 802 2506 855 insit

228 888 336 941 Dei
363 888 720 941 exsistentiae
740 887 1184 940 demonstrandae.
1229 886 1417 940 Solam
1440 887 1733 953 rationem,
1761 887 1933 954 aiunt,
1964 905 2064 958 per
2092 905 2149 940 se
2178 894 2502 958 spectatam,

228 992 325 1027 seu
365 974 663 1041 rationem,
715 974 819 1025 nisi
860 973 1178 1026 adiumento
1219 973 1314 1025 illo
1357 978 1656 1043 augeatur,
1710 974 2053 1043 argumentis
2096 974 2349 1026 convinci
2392 993 2502 1028 non

229 1078 407 1130 posse,
449 1060 634 1112 Deum
675 1077 809 1127 esse,
851 1059 1099 1111 adiutam
1137 1076 1269 1112 vero
1312 1076 1383 1112 ex
1421 1059 1687 1111 creaturis
1728 1059 1913 1111 Deum
1956 1064 2106 1112 certo
2149 1076 2501 1129 cognoscere.

377 1145 564 1198 Primo
607 1145 740 1196 mihi
793 1144 1245 1215 respondendum
1284 1143 1531 1211 videtur,
1586 1162 1697 1196 non
1738 1144 1842 1196 sibi
1895 1145 2245 1215 proposuisse
2288 1145 2503 1214 Patret3,

227 1249 351 1285 eam
391 1232 706 1302 opinionem
749 1231 1114 1301 proscribere.
1191 1230 1311 1284 Nec
1353 1230 1554 1283 desunt
1594 1232 1779 1301 signa,
1822 1231 2022 1301 quibus
2063 1230 2119 1283 id
2161 1236 2367 1301 pateat.
2435 1232 2501 1285 It]

226 1318 524 1385 schemate,
566 1316 715 1388 quod
755 1317 1015 1370 Patribus
1058 1317 1337 1388 deputatis
1377 1317 1555 1387 primo
1596 1316 2029 1387 proponebatur,
2072 1318 2283 1389 primus
2326 1336 2498 1372 canon

225 1403 317 1455 hic
358 1408 502 1456 erat:
550 1403 642 1470 „Si
684 1404 804 1473 quis
846 1404 1152 1473 negaverit,
1197 1404 1379 1457 Deum
1424 1445 1433 1454 .
1479 1447 1488 1456 .
1534 1447 1544 1457 .
1587 1422 1687 1473 per
1730 1421 1810 1470 ea,
1853 1421 1994 1474 quae
2035 1403 2181 1456 facta
2220 1408 2364 1471 sunt,
2407 1423 2501 1457 na-

225 1489 393 1543 turali
434 1490 649 1542 ratione
690 1489 758 1542 ab
810 1489 1031 1542 homine
1084 1491 1240 1561 lapso
1296 1495 1447 1543 certo
1504 1490 1763 1560 cognosci
1817 1494 1872 1542 et
1922 1489 2271 1543 demonstrari
2320 1508 2499 1562 posse,

226 1592 275 1628 a.
318 1574 391 1628 S.“
422 1573 439 1605 ¹
518 1574 847 1645 Quanquam
901 1577 1215 1647 complures
1255 1575 1669 1629 exhibebantur
1709 1575 2155 1643 emendationeS,
2203 1576 2260 1628 in
2302 1575 2502 1646 quibus

225 1679 337 1714 vox
380 1661 796 1715 demonstrandi
837 1663 926 1715 vel
969 1663 1242 1732 probandi
1283 1662 1629 1716 retinebatur
1646 1660 1683 1729 2,
1726 1667 1915 1715 tamen
1946 1680 2124 1715 canon
2163 1662 2501 1728 mutabatur,

225 1752 281 1800 et
307 1748 364 1799 in
389 1748 671 1801 schemate
692 1748 1128 1819 Congregationi
1151 1749 1402 1819 generali
1433 1747 1684 1800 exhibito
1714 1766 1824 1800 vox
1856 1746 2272 1800 demonstrandi
2302 1747 2501 1800 omissa

226 1840 309 1886 est
328 1832 365 1887 3.
418 1834 616 1906 Neque
657 1835 712 1887 id
756 1853 884 1887 casu
927 1836 1142 1889 accidit.
1199 1835 1344 1888 Nam
1386 1853 1554 1906 quum
1595 1853 1738 1887 unus
1780 1853 1849 1888 ex
1892 1834 2156 1887 Patribus
2197 1835 2253 1886 in
2296 1834 2500 1887 discus--

224 1920 378 1973 sione
430 1922 657 1991 speciali
711 1921 905 1992 capitis
946 1921 1175 1975 secundi
1228 1922 1633 1994 proposuisset,
1690 1926 1751 1973 ut
1804 1921 2083 1974 diceretur
2129 1920 2420 1991 „cognosci
2459 1928 2504 1973 (3ι

223 2006 605 2060 demonstrari“
628 2007 663 2075 4,
703 2008 1053 2061 Brixinensis
1094 2008 1409 2079 respondit,
1454 2007 1902 2061 emendationem
1945 2012 2175 2061 eatenus
2216 2007 2340 2079 plus
2375 2024 2502 2060 con·-

223 2094 400 2146 tinere
454 2112 618 2164 quam
661 2099 909 2163 textum,
963 2100 1235 2165 quatenus
1287 2113 1431 2164 „non
1486 2094 1830 2148 solummodo
1874 2094 2070 2162 edicit,
2122 2093 2306 2147 Deum
2348 2097 2492 2145 natu-

224 2179 326 2231 rali
367 2179 575 2233 lumine
616 2185 766 2233 certo
807 2182 1039 2250 009720862'
1078 2199 1256 2252 posse,
1300 2180 1396 2234 sed
1428 2181 1595 2234 etiam
1637 2181 1779 2234 hanc
1807 2180 1916 2233 Dei
1947 2180 2332 2232 exsistentiam
2372 2184 2492 2231 cert(

219 2266 440 2334 probari
475 2284 563 2318 seu
604 2265 953 2319 demonstrari
992 2285 1167 2336 posse.
1249 2266 1513 2329 Quamvis
1567 2266 1917 2337 aliquatenus
1971 2271 2121 2319 certo
2164 2282 2495 2336 cognoscere

224 2355 280 2402 et
321 2350 699 2405 demonstrare
743 2352 812 2403 sit
851 2370 1023 2404 unum
1063 2353 1340 2423 idemque,
1382 2358 1569 2405 tamen
1610 2352 1855 2423 phrasim
1895 2351 2172 2404 mitiorem
2214 2350 2497 2422 deputatio

225 2435 293 2489 de
335 2436 441 2489 fide
484 2436 588 2489 sibi
629 2437 946 2507 eligendam
988 2440 1220 2506 censuit,
1259 2444 1313 2492 et
1353 2457 1464 2492 non
1504 2438 1665 2490 istam
1696 2437 2008 2490 duriorem“
2034 2437 2070 2489 ⁵.
2126 2436 2308 2498 Quum
2353 2441 2498 2489 certe

222 2541 334 2576 non
373 2522 542 2575 fuerit
581 2523 724 2575 inter
766 2523 1077 2594 deputatOS,
1121 2525 1214 2595 qui
1242 2525 1428 2577 nescio
1460 2542 1568 2595 qua
1596 2525 1858 2594 opinione
1899 2524 2161 2590 imbutUS,
2204 2521 2312 2575 Dei
2356 2522 2500 2575 exsi—

224 2608 481 2661 stentiam
512 2608 698 2677 firmis
724 2611 1045 2678 armamentis
1061 2610 1287 2680 probari
1313 2628 1473 2680 posse
1503 2611 1811 2680 negaverit,
1855 2610 1965 2662 alia
1993 2609 2152 2676 ratio,
2197 2626 2294 2661 cur
2322 2607 2500 2660 mitio-

224 2712 341 2747 rem
381 2693 626 2763 phrasim
669 2694 903 2764 elegerit
944 2702 999 2749 et
1040 2695 1300 2748 Patribus
1343 2695 1769 2762 commendarit,
1822 2713 1941 2748 esse
1984 2695 2080 2747 vix
2130 2699 2341 2766 potest,
2396 2693 2500 2746 nisi

225 2779 379 2846 haec,
423 2779 571 2850 quod
614 2780 681 2831 ab
726 2781 986 2850 opinione
1027 2781 1125 2834 illa
1165 2781 1594 2852 perstringenda
1635 2782 1915 2835 abstinere
1958 2781 2218 2834 voluerit.

375 2969 390 2996 ¹
429 2970 645 3018 Schema
684 2975 780 3019 etc.
852 2970 907 3020 O.
945 2972 1008 3020 V.
1050 2971 1239 3021 1631d.
1422 2971 1438 2999 ²
1476 2972 1556 3019 Ex
1588 2972 1719 3020 actis
1758 2976 1853 3019 etc.
1915 2971 1970 3019 O.
2007 2971 2070 3018 V.
2112 2970 2283 3018 1653d
2321 2984 2431 3031 sqq.

374 3046 390 3073 3
430 3047 645 3096 Schema
684 3053 781 3097 etc.
854 3049 909 3097 O.
947 3049 1009 3098 V.
1052 3051 1174 3099 761).
1424 3049 1444 3076 4
1480 3049 1883 3098 Emendationes
1921 3053 2017 3096 etc.
2080 3047 2134 3096 O.
2172 3047 2235 3096 V.
2278 3048 2432 3096 121a.

376 3124 391 3150 ⁵
429 3125 633 3174 Relatio
684 3131 781 3175 etc.
854 3126 909 3175 O.
958 3128 1021 3176 V.
1059 3130 1150 3176 132
1169 3128 1218 3177 b.
1246 3144 1286 3176 c.
1336 3155 1398 3161 —
1450 3128 1639 3191 Itaque
1690 3131 1834 3176 recte
1887 3126 2254 3175 animadvertit
2304 3125 2500 3173 Paulus

223 3202 420 3250 Schanz
457 3203 731 3267 (Apologie
773 3206 862 3253 des
899 3204 1318 3255 Christenthums
1355 3206 1396 3255 Ι.
1444 3223 1493 3269 p.
1531 3206 1643 3267 89),
1693 3205 1981 3254 Concilium
2019 3205 2333 3252 Vaticanum
2370 3203 2505 3251 miti-

223 3295 374 3343 gasse
409 3283 599 3343 verba,
655 3298 786 3344 quae
825 3288 1103 3332 occurrant
1150 3286 1202 3332 in
1250 3285 1690 3348 propositionibus
1729 3301 1758 3333 a
1794 3284 2071 3333 Bautainio
2111 3299 2244 3331 anno
2287 3284 2413 3331 1840
2451 3287 2502 3331 et

225 3375 254 3406 a
289 3360 569 3408 Bonnettio
624 3376 756 3409 anno
799 3363 924 3410 1855
975 3364 1311 3426 subscriptis,
1366 3380 1480 3411 cum
1529 3365 1643 3412 loco
1696 3360 1978 3426 „probare“
2029 3367 2190 3426 ponat
2231 3362 2502 3425 „cognosci

224 3435 423 3498 posse“.
497 3437 644 3494 Quod
680 3443 855 3487 autem
893 3440 1031 3502 dicit,
1070 3441 1357 3490 Concilium
1394 3443 1659 3504 mitigasse
1694 3444 1855 3490 verba
1892 3442 2046 3489 etiam
2084 3457 2172 3502 eo,
2212 3441 2348 3503 quod
2385 3440 2499 3488 loco

228 3530 375 3574 „cum
424 3514 766 3564 certitudine“
820 3519 1055 3580 posuerit
1111 3517 1332 3581 „certo“‚
1384 3520 1436 3568 id
1474 3521 1676 3568 admitti
1723 3521 1930 3583 nequit3
1988 3536 2132 3581 „cum
2186 3520 2500 3569 certitudine

224 3592 569 3655 cognoscere“
606 3599 658 3642 et
687 3599 859 3656 „certo
889 3595 1229 3658 cognoscere“
1273 3602 1351 3646 est
1389 3599 1541 3661 plane
1578 3599 1730 3660 idem,
1772 3615 1941 3661 neque
1978 3599 2160 3647 Patres
2197 3599 2287 3646 illa
2323 3598 2501 3647 distin-

223 3674 409 3732 guunt,
447 3687 615 3734 neque
652 3672 743 3734 illi,
783 3673 871 3736 qui
907 3690 1086 3722 vocem
1128 3673 1330 3736 „certo“
1372 3676 1503 3737 tolli,
1545 3692 1714 3738 neque
1743 3677 1845 3737 alii,
1885 3677 1973 3738 qui
2012 3693 2123 3725 eam
2162 3676 2378 3725 retineri
2413 3691 2499 3724 vo-

223 3746 339 3794 lunt
376 3747 460 3807 (ef.
487 3750 703 3799 Emend.
740 3742 854 3799 etc(
891 3751 945 3800 c,
972 3751 1033 3800 V.
1061 3754 1203 3801 224d
1233 3769 1308 3816 sq.
1339 3755 1434 3801 228
1452 3754 1498 3802 d.
1551 3754 1755 3802 Relatio
1784 3757 1879 3802 eto.
1930 3754 1985 3803 0.
2014 3754 2074 3802 v.
2103 3756 2244 3801 2360
2283 3753 2397 3817 sq.).
2436 3779 2499 3786 —

224 3824 536 3887 Propositi0‚
576 3844 728 3890 quam
768 3830 1092 3878 subscribere
1118 3830 1289 3878 iussus
1317 3835 1395 3879 est
1419 3832 1749 3893 BonnettiuS,
1786 3832 1913 3880 haec
1940 3837 2077 3881 erat:
2120 3831 2498 3894 „Ratiocinatio

224 3901 323 3949 Dei
359 3903 712 3952 exsistentiam
752 3943 762 3954 .
802 3944 811 3953 .
853 3943 862 3953 .
900 3922 1016 3954 cum
1055 3908 1366 3956 certitudine
1403 3911 1623 3972 probare
1660 3907 1877 3972 potest.“
1931 3909 2155 3958 Similem
2194 3909 2501 3972 propositio·

224 3995 341 4027 nem
377 3995 407 4027 a
444 3995 497 4027 se
534 3981 879 4045 subscriptam
917 3984 1224 4033 Bautainius
1262 3985 1624 4049 Superioribus
1663 3987 2025 4035 ecclesiasticis
2064 3987 2270 4036 obtulit.
