2548 4290
181 141 426 184 Commeat.
457 141 582 182 VIII.
639 140 719 183 SS.
753 140 986 181 Pontificis
1019 140 1334 192 infallibilitas,
1366 152 1472 180 num
1505 140 1768 193 personalis,
1801 143 2009 193 separata
2040 145 2122 180 ete.
2185 141 2284 194 177

67 286 303 354 Papatus
330 283 590 336 Pontifex
631 288 711 335 est
749 301 965 353 semper
1004 301 1287 354 supremus
1326 283 1493 334 iudex
1523 284 1578 335 in
1605 284 1766 336 rebus
1806 284 1932 336 fidei
1965 289 2019 337 et
2059 302 2285 348 morum,

70 373 124 421 et
162 367 401 419 omnium
453 367 866 419 christianorum
908 372 1064 436 pater
1115 373 1169 419 et
1209 367 1424 431 doctor,
1476 366 1570 418 sed
1621 367 1926 420 assistentia
1965 368 2146 419 divina
2185 369 2289 438 ipsi

68 451 344 522 promissa,
386 468 490 519 qua
528 450 603 516 fit,
644 457 704 500 ut
744 467 925 501 errare
966 468 1074 501 non
1103 450 1286 519 possit,
1329 450 1665 502 solummodo
1705 456 1835 502 tunc
1862 451 2080 520 gaudet,
2123 470 2288 521 quum

68 550 290 586 munere
330 533 570 602 supremi
623 532 816 584 iudicis
854 534 910 584 in
951 534 1331 585 controversiis
1370 532 1499 585 fidei
1546 539 1599 584 et
1648 534 1968 586 universalis
2008 535 2286 588 Ecclesiae

68 617 301 670 doctoris
338 618 519 685 reipsa
559 621 612 668 et
651 622 775 668 actu
815 616 1078 683 fungitur.
1155 616 1301 668 Hinc
1353 617 1653 669 sententia:
1707 617 1984 669 Romanus
2026 618 2287 670 Pontifex

68 706 147 754 est
184 700 510 766 infallibilis,
550 717 661 751 non
701 698 918 768 quidem
961 705 1019 751 ut
1058 699 1197 751 falsa
1237 699 1400 752 debet
1440 699 1677 765 traduci,
1720 718 1839 751 cum
1882 700 2127 753 Christus
2167 719 2288 772 per-

66 800 229 836 sonae
269 783 419 834 Petri
462 787 515 834 et
554 799 819 850 personae
860 783 1181 834 successoris
1222 782 1336 834 eius
1376 782 1525 834 illam
1566 784 1896 850 promiserit3
1949 784 2045 835 sed
2086 790 2166 836 est
2205 803 2287 837 30-

62 865 335 918 111111ωοᾶο
391 866 753 935 incompleta,
814 883 934 917 cum
974 866 1127 935 Papa
1167 865 1504 917 solummodo
1560 866 1628 917 sit
1678 866 2009 932 infallibilis,
2069 868 2287 936 quando

65 948 293 1001 solemni
331 948 530 1000 iudicio
573 966 668 1017 pro
709 948 961 999 universa
1000 948 1248 1000 Ecclesia
1287 966 1373 1000 res
1413 948 1538 1000 fidei
1580 954 1633 1000 et
1673 967 1883 1001 morum
1925 949 2162 1002 definit.“

208 1032 379 1084 Porro
422 1032 666 1101 deputati
708 1033 761 1083 in
801 1032 1064 1083 relatione
1107 1032 1173 1084 de
1214 1032 1441 1084 Patrum
1494 1032 1996 1099 observationibuS,
2049 1034 2115 1085 de
2154 1052 2287 1087 voce

64 1114 463 1167 infallibilitatis
515 1121 779 1184 separatae
830 1122 1054 1183 agentes
1077 1114 1111 1181 ¹,
1165 1115 1411 1167 doctrina
1464 1115 1530 1167 de
1571 1115 1959 1168 infallibilitate
2011 1118 2289 1186 pontificia

65 1197 372 1251 Romanum
412 1199 733 1251 Pontificem
786 1199 862 1250 uti
915 1205 1077 1267 caput
1126 1199 1193 1250 ab
1233 1199 1520 1268 Episcopis
1571 1217 1669 1252 ceu
1721 1217 1945 1268 corpore
1988 1200 2155 1252 dividi
2196 1220 2287 1255 ne-

62 1291 209 1351 gant.
275 1281 448 1348 „Nam
490 1323 500 1334 .
545 1322 554 1332 .
599 1324 609 1335 .
652 1282 982 1333 considerari
1024 1281 1235 1348 debet,“
1280 1282 1546 1350 inquiunt,
1594 1282 1774 1347 „aliud
1803 1300 1937 1347 esse,
1978 1283 2287 1336 Romanum

62 1365 381 1418 Pontificem
410 1383 507 1433 per
543 1383 615 1429 se,
657 1365 790 1416 citra
818 1365 1116 1433 Episcopos
1145 1371 1253 1416 tam
1296 1365 1566 1432 dispersos
1607 1383 1767 1434 quam
1806 1367 1861 1416 in
1892 1366 2133 1419 Concilio
2175 1369 2288 1420 sive

63 1449 307 1517 generali
346 1449 458 1501 sive
499 1449 714 1518 partiali
755 1449 949 1513 unitOS,
992 1447 1195 1500 habere
1235 1449 1671 1517 praerogativam
1701 1448 2061 1502 infallibiliter
2103 1468 2288 1503 omnes

63 1531 250 1583 fideles
291 1531 522 1583 docendi
564 1537 616 1583 et
656 1531 940 1600 pascendi3
995 1537 1049 1582 et
1101 1531 1276 1596 aliud,
1331 1549 1454 1582 eum
1495 1532 1606 1583 sive
1647 1531 1836 1583 habitu
1876 1532 1988 1584 sive
2030 1539 2152 1585 actu
2193 1552 2289 1585 un-

62 1631 223 1683 quam
263 1615 540 1683 segregari
578 1615 666 1667 vel
717 1614 957 1682 separari
998 1614 1064 1665 ab
1107 1614 1355 1666 obnoxiis
1407 1614 1508 1665 sibi
1548 1614 1660 1666 sive
1701 1615 1856 1682 agnis
1906 1616 2018 1667 sive
2071 1616 2286 1681 ovibus3

63 1699 170 1750 imo
227 1716 391 1768 quum
446 1698 725 1750 Romanus
776 1697 1036 1750 Pontifex
1091 1698 1257 1749 veluti
1317 1703 1469 1765 capnt
1523 1697 1766 1749 docendo
1819 1699 2171 1769 regendoque
2232 1700 2286 1751 in

61 1787 234 1834 totum
275 1799 468 1851 corpus
508 1782 712 1846 influit,
761 1782 1154 1833 coniunctionis
1194 1781 1410 1833 vincula
1458 1782 1602 1833 inter
1651 1782 1827 1850 ipsum
1880 1788 1933 1834 et
1973 1784 2286 1835 universum

62 1882 289 1934 gregem
330 1865 679 1917 attrahuntur
720 1870 773 1917 et
813 1865 1218 1916 confirmantur.
1284 1864 1425 1915 Tota
1464 1865 1629 1932 igitur
1670 1865 1913 1933 quaestio
1956 1865 2024 1916 ad
2066 1867 2166 1917 hoc
2206 1885 2288 1918 re-

60 1954 308 2012 vocatur,
350 1955 530 2000 utrum
570 1948 818 2001 Romano
861 1949 1111 2000 Pontifici
1153 1965 1251 2017 per
1291 1966 1346 1999 se
1388 1966 1577 2017 reapse
1620 1949 1884 2000 eiusmodi
1925 1956 2073 2001 actus
2108 1953 2289 2019 capitis

62 2048 123 2083 ac
162 2033 401 2102 supremi
453 2033 683 2084 doctoris
739 2033 1055 2097 conveniat,
1113 2049 1216 2100 quo
1275 2032 1408 2083 citra
1458 2031 1668 2100 reliqua
1722 2031 1964 2084 membra
2013 2033 2101 2085 vel
2151 2036 2286 2087 citra

63 2116 300 2185 reliquos
342 2116 589 2168 doctores
630 2116 788 2167 31111111
830 2122 1215 2168 concurrentes
1256 2121 1427 2167 totum
1471 2134 1664 2184 corpus
1705 2116 1791 2167 vel
1843 2122 2016 2168 totum
2057 2135 2284 2187 gregem

61 2198 255 2250 docere
297 2203 350 2251 et
400 2216 623 2268 pascere
664 2200 847 2268 possit.
925 2199 1096 2268 Atqui
1148 2200 1249 2250 hoc
1301 2216 1461 2250 sensu
1501 2198 1747 2250 Romano
1783 2200 2035 2251 Pontifici
2084 2201 2284 2253 infalli-

59 2281 243 2335 biliter
295 2283 522 2334 docendi
577 2283 951 2335 auctoritatem
1010 2283 1265 2334 divinitus
1321 2282 1573 2334 collatam
1632 2282 1832 2348 fuisse,
1895 2284 1950 2334 in
2005 2284 2284 2337 schemate

63 2366 401 2436 proponitur.

215 2452 366 2516 „Ast,
407 2451 678 2519 inquiunt,
721 2451 774 2501 in
813 2450 906 2501 illa
946 2449 1236 2519 hypothesi
1277 2449 1491 2501 inutilia
1530 2450 1723 2501 fierent
1765 2449 2022 2516 Concilia,
2065 2458 2118 2502 et
2157 2451 2285 2520 Epi-

62 2533 211 2602 scopi
251 2539 525 2585 cessarent
565 2551 680 2585 esse
721 2533 942 2586 iudices

216 2616 454 2681 „Verum
495 2616 563 2668 ad
594 2618 825 2684 priorem
867 2618 1249 2686 exceptionem
1285 2617 1390 2667 iam
1430 2615 1711 2684 respondit
1748 2615 2050 2669 Cardinalis
2076 2617 2286 2670 Bellar-

64 2699 240 2751 minus
262 2698 296 2750 ².
376 2699 760 2770 ,Responde0,‘
814 2701 1015 2769 inquit,
1069 2701 1139 2766 ,id
1188 2719 1295 2752 non
1348 2700 1514 2768 sequi.
1591 2699 1732 2750 Nam
1785 2701 1884 2751 etsi
1924 2700 1977 2751 in
2018 2701 2283 2754 Pontifice

64 2782 132 2834 sit
170 2783 558 2848 infallibilitas,
609 2789 791 2835 tamen
831 2802 938 2835 non
981 2783 1144 2836 debet
1183 2784 1297 2852 ipse
1340 2788 1689 2835 contemnere
1730 2783 1911 2834 media
1951 2783 2190 2839 humana
2231 2792 2285 2837 et

64 2865 362 2930 ordinaria,
420 2867 611 2935 quibus
653 2867 895 2918 deveniri
935 2872 1115 2935 potest
1153 2866 1222 2918 ad
1261 2883 1442 2917 veram
1492 2867 1571 2917 rei
1614 2866 2006 2934 cognitionem,
2059 2867 2125 2919 de
2179 2886 2284 2937 qua

64 2950 259 3019 agitur.
335 2950 578 3002 Medium
633 2955 814 3001 autem
870 2950 1200 3002 ordinarium
1254 2955 1334 3001 est
1386 2949 1689 3001 Concilium
1742 2951 1912 3001 maius
1964 2957 2055 3002 aut
2107 2952 2286 3004 minus

63 3051 160 3102 pro
215 3034 590 3102 magnitudine
645 3034 733 3085 vel
786 3035 1054 3103 parvitate
1111 3034 1221 3099 rei,
1278 3034 1343 3085 de
1401 3050 1506 3101 qua
1558 3034 1752 3101 agitur.
1832 3033 1896 3084 Id
1949 3035 2092 3103 quod
2132 3042 2286 3105 patet

63 3116 235 3185 primo
290 3117 542 3185 exemplo
595 3117 1000 3185 Apostolorum.
1075 3116 1216 3168 Nam
1271 3121 1414 3168 certe
1469 3121 1578 3167 tam
1629 3116 1824 3167 Petrus
1878 3134 2038 3185 quam
2080 3118 2285 3171 Paulus

64 3203 316 3267 poterant
357 3200 520 3251 etiam
560 3200 658 3251 soli
700 3199 997 3268 quamlibet
1048 3199 1473 3251 controversiam
1512 3198 1870 3250 infallibiliter
1912 3199 2167 3265 definire;
2230 3208 2285 3254 et

12 3296 16 3298 ’
62 3286 244 3334 tamen
272 3282 572 3335 Concilium
609 3288 1072 3335 convocaverunt:
1121 3283 1301 3336 Actor.
1347 3284 1429 3334 15.
1473 3322 1482 3332 .
1527 3322 1537 3332 .
1581 3282 1611 3334 .‘
1662 3282 1734 3334 Et
1773 3282 1877 3333 alio
1920 3281 2079 3335 loco3
2120 3285 2280 3336 etiam

62 3364 388 3417 luculentius
440 3366 656 3433 statuit,
708 3366 1062 3434 ‚generalium
1104 3364 1468 3417 Conciliorum
1521 3366 1934 3417 convocationes
1975 3367 2283 3419 utilissimas

65 3452 119 3498 et
157 3465 252 3500 suo
293 3448 527 3517 quodam
558 3449 719 3501 modo
747 3450 1095 3514 necessariaS,
1136 3466 1244 3500 non
1272 3455 1453 3500 tamen
1484 3448 1727 3500 absolute
1757 3453 1810 3500 et
1849 3449 2164 3518 simpliciter
2192 3469 2282 3503 110-

65 3531 323 3583 cessarias
364 3549 496 3583 esse.
540 3573 549 3582 .
591 3534 621 3583 ,⁴
675 3532 809 3595 ,Etsi
838 3550 965 3583 vero
996 3532 1249 3583 Summus
1276 3531 1535 3583 Pontifex
1575 3531 1743 3582 iudex
1784 3538 1879 3598 est,
1919 3533 2037 3583 vice
2066 3532 2281 3600 Christi,

67 3613 303 3664 omnium
363 3616 882 3680 controversiarum,
939 3614 1095 3682 eique
1156 3614 1533 3682 obtemperare
1589 3613 1752 3666 debet
1802 3613 2113 3666 fraternitas
2164 3617 2280 3667 uni-

211 3797 225 3822 ¹
261 3796 461 3844 Relatio
500 3797 559 3844 de
597 3798 1038 3846 observationibus
1076 3801 1172 3845 etc.
1243 3798 1297 3846 C.
1333 3797 1394 3844 V.
1434 3798 1571 3844 2860
1607 3810 1714 3856 sqq.

213 3871 229 3899 ²
264 3872 340 3918 De
374 3873 516 3918 Rom.
554 3873 740 3920 Pontif.
778 3873 809 3919 1.
846 3873 933 3919 IV.
973 3889 1013 3919 c.
1053 3875 1095 3920 7.
1274 3872 1289 3899 3
1325 3873 1400 3920 De
1439 3870 1676 3920 Conciliis
1712 3871 1744 3917 l.
1780 3871 1820 3918 I.
1859 3886 1899 3918 0.
1940 3874 1998 3919 10
2035 3888 2106 3934 sq.

155 3957 475 3994 Grandemzth,
508 3958 667 3989 Constit.
691 3958 857 3997 dogmat.
1880 3952 1931 3991 12
