2548 4290
178 157 284 209 216
365 158 481 200 Pars
506 158 565 199 ΙΙ.
612 156 769 200 Const.
804 157 860 200 de
892 158 1017 200 Eccl.
1075 157 1187 214 Cap.
1212 160 1296 201 ΙΙΙ.
1341 160 1452 215 Ipsa
1486 160 1768 204 Constitutio
1803 175 1907 205 cum
1940 163 2331 208 adnotationibus.

175 309 328 357 recte
352 304 369 337 1
410 305 574 358 beato
616 304 786 358 Petro
828 305 1104 377 Apostolo
1145 307 1480 377 promissum
1520 313 1688 380 atque
1730 309 1991 363 collatum
2035 328 2068 364 a
2095 309 2314 365 Christo
2343 311 2490 387 Do·-

176 389 325 442 mino
378 388 564 443 fuisse.
654 390 845 443 Unum
899 391 1047 443 enim
1102 390 1424 461 Simonem,
1485 393 1573 446 cui
1624 394 1735 447 iam
1788 394 2007 465 pridem
2062 395 2311 449 dixerat:
2369 397 2455 451 Tu

176 570 239 603 en
266 554 316 602 la
340 554 572 602 vivifiant
599 571 692 617 par
717 555 767 603 la
793 554 935 603 seule
964 559 1014 603 et
1040 555 1205 604 meme
1231 555 1388 618 grace
1415 556 1484 604 du
1504 556 1553 606 S.
1571 557 1763 620 Esprit,
1790 558 1827 606 il
1851 557 2025 608 reunit
2050 564 2168 609 tous
2195 577 2275 610 ses
2301 577 2457 611 mem-

174 633 292 681 bres
330 649 422 694 par
459 648 527 680 un
565 633 669 681 lien
706 630 1004 696 interieur‘3
1048 634 1199 682 docet
1227 634 1315 694 IL,
1354 635 1417 683 ab
1457 636 1638 684 eodem
1663 636 1884 686 Domino
1924 638 2163 688 omnibus
2188 655 2295 689 una
2317 640 2459 704 Apo-

176 711 323 759 stolis
359 715 673 773 potestatem
711 712 763 759 in
801 712 1147 760 universalem
1185 713 1471 761 Ecclesiam
1510 714 1673 762 fuisse
1721 715 1997 778 collatam,
2050 718 2285 781 adeoque
2320 718 2460 782 Apo-

176 788 338 836 stolos
377 793 429 837 et
465 805 643 837 eorum
683 805 1028 851 successores,
1066 790 1380 854 Episcopos,
1419 795 1737 854 potestatem
1772 792 1965 842 habere
2002 795 2234 855 perfecte
2270 812 2462 859 aequa-

174 866 291 928 lem,
331 866 361 915 1.
401 884 443 915 c.
482 866 507 927 ξ
550 869 668 917 175:
729 867 810 928 „Si
849 867 977 915 dans
1012 867 1063 915 la
1099 867 1392 917 hierarchie
1432 868 1827 933 ecclesiastique
1859 871 1896 919 il
1932 871 2018 934 n’y
2054 888 2084 920 a
2120 888 2213 935 pas
2253 874 2459 923 d’ordre

174 945 292 1007 plus
329 944 472 994 eleve
513 962 612 1009 que
650 946 786 994 celui
825 947 885 993 de
922 944 1185 1009 l'eveque3
1240 947 1282 994 si
1318 947 1393 995 les
1431 946 1656 1011 eveques
1707 952 1824 996 sont
1861 952 1980 997 tous
2017 948 2310 1012 egalement
2347 968 2460 1002 suc-

175 1038 411 1071 cesseurs
463 1024 551 1072 des
599 1023 854 1086 ApOtres,
910 1028 960 1071 et
1014 1024 1082 1085 si,
1138 1041 1335 1073 comme
1388 1026 1463 1074 les
1501 1026 1727 1089 Apotres
1780 1028 1991 1075 avaient
2042 1033 2161 1076 tous
2213 1044 2336 1091 recu
2390 1029 2459 1079 du

175 1101 427 1164 Seigneur
465 1107 518 1151 et
549 1101 769 1165 possede
808 1104 855 1150 le
892 1103 1058 1151 meme
1094 1104 1332 1152 honneur
1370 1108 1423 1153 et
1460 1104 1507 1153 le
1543 1104 1709 1153 meme
1744 1106 1979 1168 pouvoir,
2018 1106 2148 1154 ainsi
2179 1107 2320 1155 leurs
2347 1123 2461 1157 suc-

174 1196 410 1228 cesseurs
449 1185 540 1229 ont
578 1197 678 1229 une
717 1180 865 1244 egale
904 1181 1125 1244 dignito,
1179 1183 1331 1244 qu'ils
1367 1182 1601 1231 resident
1639 1183 1668 1231 a
1703 1183 1893 1244 Rome,
1943 1183 1973 1232 a
2010 1182 2459 1249 Constantinople,

174 1257 204 1306 a
240 1258 574 1316 Alexandrie,
613 1275 679 1307 ou
717 1263 868 1307 autre
905 1263 1048 1321 part,
1092 1260 1126 1306 il
1165 1259 1382 1309 s’ensuit
1419 1259 1765 1309 evidemment
1803 1262 1995 1324 qu'une
2029 1260 2253 1310 reunion
2292 1261 2462 1313 &eve--

173 1352 299 1400 ques
326 1342 451 1400 peut
477 1337 619 1385 seule
645 1338 788 1385 avoir
814 1338 1040 1387 autoritc
1069 1355 1157 1386 sur
1184 1355 1252 1386 un
1280 1337 1526 1402 eveque‘3
1565 1368 1625 1373 —-
1664 1339 1818 1388 docet
1844 1339 1964 1400 HL,
2001 1341 2163 1389 totius
2191 1341 2452 1391 Ecclesiae

174 1419 409 1463 centrum
448 1431 561 1463 esse
599 1415 888 1464 Concilium
939 1417 1359 1478 oecumenicum,
1412 1418 1846 1480 quemadmodum
1885 1418 2182 1479 provinciae
2219 1419 2455 1468 ecclesia·

173 1497 335 1543 sticae
373 1500 609 1544 centrum
659 1500 737 1544 est
774 1496 1012 1559 Synodus
1050 1496 1407 1559 provincialis,
1458 1496 1489 1544 1.
1529 1513 1569 1544 c.
1609 1496 1870 1559 sequitur:
1926 1496 1995 1556 ‚Si
2045 1497 2245 1560 chaque
2278 1482 2454 1560 Eglise

173 1572 508 1634 particuliere
544 1574 678 1621 n’cst
726 1575 954 1622 soumise
992 1574 1113 1637 qu’a
1150 1590 1242 1622 son
1281 1573 1506 1637 eveque,
1562 1574 1822 1637 plusieurs
1859 1558 2061 1637 Eglises
2098 1574 2456 1638 particulieres

171 1667 236 1699 ne
274 1655 501 1714 peuvent
539 1652 711 1699 suivre
758 1652 987 1700 d’autres
1037 1652 1372 1714 dispositions
1424 1667 1523 1715 que
1579 1651 1732 1699 celles
1784 1651 1846 1699 de
1884 1656 2003 1700 tous
2055 1651 2194 1700 leurs
2231 1651 2457 1716 eveques

172 1728 349 1777 reunis
399 1746 465 1777 ou
505 1731 626 1778 d’un
665 1731 863 1778 concile
913 1731 1215 1791 provincial.
1254 1769 1264 1778 .
1305 1769 1314 1778 .
1376 1730 1427 1777 Si
1476 1730 1677 1792 chaque
1713 1714 1888 1793 Eglise
1936 1746 1999 1778 en
2040 1730 2343 1793 particulier
2380 1734 2459 1781 est

175 1807 370 1856 confiee
407 1808 437 1856 a
474 1824 566 1856 son
604 1807 818 1871 (meque,
857 1794 1070 1870 l'Eglise
1098 1809 1160 1856 de
1187 1807 1545 1857 Jesus-Christ
1579 1824 1643 1855 en
1667 1806 1897 1870 general,
1936 1808 2257 1856 renfermant
2282 1811 2457 1857 toutes

172 1888 247 1935 les
284 1871 487 1949 Eglises
525 1886 913 1951 particulieres,
969 1892 1107 1936 cette
1144 1872 1320 1950 Eglise
1359 1903 1556 1936 comme
1593 1887 1906 1936 universelle
1945 1891 2023 1935 est
2058 1887 2460 1938 incontestable-

173 1971 314 2014 mcnt
364 1965 559 2014 confice
597 1966 627 2014 a
662 1970 780 2013 tous
834 1966 908 2013 les
959 1965 1184 2028 echucs
1235 1982 1297 2013 en
1345 1963 1591 2029 general,
1645 1981 1842 2015 comme
1890 1966 1937 2015 le
1990 1966 2063 2014 dit
2101 1966 2150 2015 S.
2187 1967 2320 2015 Jean
2357 1967 2459 2016 Da-

172 2043 412 2094 mascene
465 2045 593 2093 dans
647 2061 702 2092 sa
754 2044 1045 2107 quatrieme
1094 2046 1250 2094 lettre
1303 2061 1409 2093 aux
1450 2044 1741 2108 Africains3
1795 2050 1847 2093 et
1898 2061 1991 2108 par
2040 2045 2362 2109 consequent
2408 2046 2457 2096 le

173 2128 349 2172 centre
388 2124 450 2171 dc
500 2121 762 2172 l'autorite
814 2123 1102 2184 spirituelle
1151 2138 1283 2186 pour
1320 2108 1532 2186 l’Eglise
1582 2121 1956 2187 oecumenique
2005 2139 2058 2171 se
2108 2128 2293 2172 trouve
2331 2124 2457 2173 dans

172 2203 246 2251 les
285 2201 525 2251 Conciles
564 2200 1002 2266 oecumeniquesf

327 2284 400 2343 „3.
438 2281 886 2344 fficherianorum,
927 2281 1014 2345 qui
1050 2285 1261 2344 negant,
1300 2280 1520 2329 eundem
1550 2279 1834 2327 Primatum
1859 2280 2156 2328 immediate
2183 2284 2235 2328 et
2262 2280 2459 2329 directe

172 2361 333 2409 fuisse
371 2361 462 2407 uni
498 2359 655 2408 Petro
695 2362 971 2422 collatum,
1011 2360 1332 2408 contendunt
1357 2374 1497 2420 vero,
1537 2359 1835 2407 immediate
1862 2363 1913 2407 et
1939 2360 2287 2408 essentialiter
2311 2359 2457 2408 illum

174 2438 270 2501 ipsi
307 2437 574 2486 Ecclesiae
614 2439 792 2487 datum
830 2440 1017 2487 fuisse:
1055 2440 1130 2486 ita
1165 2438 1371 2486 Richer.
1399 2437 1476 2484 De
1515 2436 1695 2485 eccles.
1733 2452 1792 2485 ac
1829 2437 1976 2499 polit.
2015 2440 2203 2500 potest.
2240 2452 2387 2500 prop.
2415 2437 2456 2486 I.

173 2517 386 2577 statuit,
437 2515 718 2577 ,Christum
760 2533 906 2564 suam
943 2516 1212 2564 fundando
1250 2515 1537 2563 Ecclesiam
1586 2515 1757 2577 prius,
1809 2514 2157 2562 immediatius
2197 2519 2249 2563 et
2287 2530 2460 2563 essen-

173 2595 348 2642 tialius
388 2595 559 2643 claves
596 2612 688 2643 seu
726 2595 1135 2643 iurisdictionem
1175 2595 1272 2643 toti
1321 2594 1524 2642 dedisse
1562 2593 1827 2641 Ecclesiae
1867 2608 2019 2655 quam
2058 2592 2215 2641 Petro
2254 2597 2305 2641 et
2343 2593 2458 2642 aliis

173 2671 475 2736 Apostolis‘.
526 2674 603 2722 De
641 2674 736 2722 hac
775 2674 1129 2737 propositione
1166 2674 1276 2736 ipse
1307 2672 1579 2720 Richerius
1618 2672 1670 2719 in
1708 2687 1819 2731 sua,
1861 2687 2013 2734 quam
2054 2671 2258 2733 cecinit,
2294 2672 2459 2735 palin-

171 2752 289 2801 odia
326 2754 538 2814 asser1t‚
590 2753 858 2801 adversari
897 2769 1007 2802 eam
1048 2753 1336 2813 ,doctrinae
1373 2751 1639 2800 Ecclesiae
1677 2751 1994 2812 catholicae,
2044 2766 2074 2797 a
2111 2750 2304 2799 sanctis
2342 2787 2354 2797 .
2395 2789 2406 2800 .
2447 2789 2457 2800 .

172 2830 419 2879 Patribus
446 2831 668 2879 fideliter
696 2828 1001 2894 expositae‘.
1051 2832 1255 2879 Docent
1281 2846 1522 2893 namque,
1562 2829 1843 2890 ‚Christum
1883 2829 2054 2877 claves
2086 2828 2460 2877 iurisdictionis

174 2909 559 2957 ecclesiasticae
595 2910 779 2972 primo,
817 2910 1118 2958 immediate
1155 2914 1207 2957 et
1245 2908 1612 2968 essentialiter,
1649 2923 1750 2955 non
1789 2923 1881 2970 per
1914 2907 2155 2955 accidens
2181 2906 2338 2955 Petro
2377 2907 2463 2955 de-

174 2989 336 3036 disse:
377 2988 562 3036 dcinde
598 3005 689 3051 per
728 3027 737 3037 .
779 3027 789 3036 .
830 3027 840 3036 .
880 2988 1093 3036 Petrum
1122 2988 1388 3036 Ecclesiae
1424 2986 1673 3050 praelatis
1712 2985 2029 3034 contulisse‘.
2079 2984 2229 3042 Quod
2268 2984 2461 3047 duplici

174 3068 363 3128 probat
417 3066 745 3127 testimonio,
801 3066 981 3129 Optati
1029 3066 1271 3114 nimirum
1326 3070 1376 3114 et
1414 3065 1669 3124 Thomae,
1729 3078 1950 3126 quorum
1998 3064 2085 3112 ille
2132 3063 2164 3112 l.
2202 3062 2321 3110 VII.
2362 3063 2461 3111 ait:

176 3144 338 3204 ,Bono
376 3144 594 3192 unitatis
631 3146 816 3193 beatus
855 3145 1070 3204 Petrus,
1125 3144 1209 3192 cui
1247 3144 1371 3191 satis
1410 3148 1555 3204 erat,
1609 3143 1677 3203 si,
1715 3145 1994 3205 postquam
2030 3140 2257 3203 negavit,
2298 3139 2460 3188 solam

172 3222 379 3270 veniam
418 3226 857 3285 consequeretur,
914 3226 964 3270 et
1016 3222 1271 3285 praeferri
1322 3221 1562 3270 omnibus
1600 3219 1870 3283 Apostolis
1918 3219 2134 3279 meruit,
2189 3222 2240 3266 et
2289 3217 2460 3265 claves

173 3301 322 3363 regni
371 3301 635 3348 coelorum
687 3300 1143 3348 communicandas
1193 3299 1380 3347 ceteris
1430 3299 1572 3347 solus
1626 3294 1859 3360 accepit.‘
1931 3296 1998 3344 Et
2046 3295 2272 3343 Thomas
2323 3295 2375 3342 in
2414 3297 2459 3344 4.

175 3379 294 3427 dist.
332 3380 411 3427 24.
449 3395 496 3442 q.
524 3381 570 3427 3.
611 3395 655 3427 a.
684 3378 758 3428 2.:
796 3378 1059 3439 ,Quamvis
1100 3378 1338 3427 omnibus
1369 3377 1637 3440 Apostolis
1675 3376 1798 3424 data
1835 3374 1901 3423 sit
1937 3374 2280 3422 communiter
2316 3377 2462 3435 pote-

174 3462 282 3504 stas
319 3457 516 3518 ligandi
555 3461 605 3505 et
637 3457 888 3517 solvendi,
926 3460 1119 3517 tamen,
1156 3459 1214 3504 ut
1239 3456 1291 3503 in
1328 3456 1425 3504 hac
1461 3458 1724 3518 potestate
1760 3452 1946 3514 aliquis
1985 3451 2111 3499 ordo
2150 3449 2460 3513 significare-

175 3539 289 3596 tur,
339 3536 503 3598 primo
544 3536 640 3584 soli
676 3536 832 3584 Petro
872 3535 994 3582 data
1032 3539 1138 3596 est,
1182 3537 1241 3583 ut
1279 3534 1601 3594 ostendatur,
1643 3531 1780 3595 quod
1817 3530 1881 3578 ab
1920 3545 1980 3577 eo
2018 3530 2070 3577 in
2107 3529 2235 3577 alios
2273 3529 2460 3578 debeat

173 3612 275 3661 ista
312 3617 547 3676 potestas
586 3612 944 3673 descendere‘3
982 3612 1034 3660 id
1070 3628 1226 3674 porro
1253 3613 1300 3660 b.
1329 3612 1554 3659 Thomas
1590 3610 1778 3674 probat
1815 3624 1879 3656 ex
1911 3607 2038 3656 Luc.
2067 3609 2145 3668 22,
2184 3608 2274 3668 323
2312 3606 2458 3655 Ioan.

175 3692 255 3750 21,
299 3693 356 3738 17
385 3696 435 3740 et
464 3708 527 3739 ex
555 3691 601 3740 S.
630 3688 1047 3754 Ollrysostom0.“
1081 3717 1141 3722 —
1169 3691 1246 3737 De
1272 3688 1596 3737 Richerianis
1623 3687 1687 3735 cf.
1715 3686 1869 3734 etiam
1894 3685 2032 3733 infra
2067 3683 2457 3733 adnotationem

175 3770 242 3817 ad
290 3771 451 3819 verba
491 3771 818 3832 „immediate
869 3773 920 3817 ct
970 3766 1195 3818 directe⁴⁴
1247 3772 1298 3816 et
1334 3766 1699 3816 adnotationes
1738 3764 2101 3827 theologorum
2149 3763 2215 3811 ad
2252 3762 2459 3811 schema

177 3847 240 3894 de
278 3847 515 3896 Ecclesia
552 3848 607 3898 C.
646 3848 708 3897 V.
747 3850 842 3896 607
864 3864 906 3896 c.

328 3925 343 3951 ¹
380 3926 525 3974 Haec
585 3927 775 3987 verba,
838 3941 972 3989 quae
1026 3925 1183 3974 etiam
1241 3923 1379 3972 infra
1439 3926 1791 3985 usurpantur,
1852 3924 2066 3984 propter
2117 3918 2455 3967 Richerianos

176 4006 387 4065 recepta
436 4008 583 4066 sunt,
638 4005 756 4068 „qui
794 4005 949 4053 Petro
1001 4004 1217 4066 eiusque
1267 4001 1654 4050 successoribus
1701 4003 2016 4063 potestatem
2054 3998 2329 4046 dumtaxat
2363 3995 2456 4043 mi-
