2548 4290
258 178 372 220 Eius
405 190 501 232 cap.
532 178 568 219 Ι.
613 179 683 219 De
710 179 936 220 Primatus
968 182 1108 221 instit.
1138 202 1196 207 -——-
1230 179 1338 234 Cap.
1371 182 1431 222 ΙΙ.
1486 183 1556 222 De
1585 182 1812 223 Primatus
1843 186 2156 236 perpetuitate.
2237 183 2343 234 219

1053 344 1303 398 CAPUT
1343 345 1418 397 II.

463 469 521 513 De
552 468 843 526 perpetuitate
874 468 1091 514 Primatus
1121 469 1240 514 beati
1271 469 1392 514 Petri
1422 469 1465 513 in
1496 469 1694 514 Romanis
1726 470 2010 515 Pontificibus.

276 578 374 648 [1.]
415 579 573 639 Quod
599 584 781 631 autem
809 580 864 630 in
891 579 1051 631 beato
1080 580 1346 649 Apostolo
1374 581 1537 632 Petro
1579 581 1829 650 princeps
1855 590 2131 650 pastorum
2159 586 2212 632 et
2250 597 2343 649 pa-

1 664 43 734 3j
126 667 239 715 stor
278 680 505 731 magnus
545 662 763 715 ovium1
790 662 1056 714 Dominus
1084 661 1327 715 Christus
1367 662 1519 715 Iesus
1558 664 1614 715 in
1652 668 1972 732 perpetuam
2012 665 2241 716 salutem
2280 679 2343 714 ac

1 733 42 812 ³³³3..
127 762 370 815 perenne
410 745 611 797 bonum
638 745 917 797 Ecclesiae
957 746 1204 811 instituit,
1244 745 1299 797 id
1339 745 1531 798 eodem
1572 751 1790 799 auctore
1818 748 1872 798 in
1898 747 2159 812 Ecclesia,
2201 763 2342 815 quae

2 824 55 904 J
128 828 355 881 fundata
394 846 554 898 super
592 826 844 896 petram²
883 828 952 879 ad
991 828 1154 879 finem
1193 829 1530 880 saeculorum
1557 846 1725 898 usque
1753 830 1904 881 firma
1928 829 2104 896 stabit,
2144 830 2344 898 iugiter

7 922 42 967 εἰ
129 911 323 964 durare
362 928 583 963 necesse
625 916 720 963 est.
796 911 949 962 Nulli
990 928 1117 963 sane
1158 911 1410 975 dubium,
1450 911 1557 963 imo
1599 912 1827 964 saeculis
1869 913 2114 964 omnibus
2153 917 2340 964 notum

0 1003 42 1029 ἶ
129 992 258 1061 est3,
312 995 455 1063 quod
502 998 720 1045 sanctus
772 993 1222 1062 beatissimusque
1272 994 1493 1058 Petrus,
1548 994 1935 1063 Apostolorum
1987 996 2238 1064 princeps
2289 1000 2345 1046 et

0 1111 31 1137 ¹
129 1083 316 1147 caput,
358 1077 592 1146 fideique
635 1076 886 1128 columna
928 1081 981 1128 et
1022 1076 1301 1129 Ecclesiae
1343 1076 1642 1128 catholicae
1682 1077 2122 1143 fundamentum,
2164 1096 2195 1129 a
2232 1077 2344 1129 Do-

126 1161 271 1212 mino
311 1164 493 1212 nostro
534 1159 659 1211 Iesu
702 1159 939 1224 Christo,
993 1159 1274 1211 Salvatore
1315 1160 1536 1210 humani
1587 1161 1802 1227 generis
1858 1177 1918 1211 ac
1958 1159 2344 1228 Redemptore,

0 1263 40 1323 ζ
127 1244 306 1295 claves
345 1242 501 1311 regni
541 1243 778 1311 accepit:
821 1243 912 1311 qui
953 1242 1021 1293 ad
1062 1242 1163 1293 hoc
1202 1260 1372 1311 usque
1413 1248 1627 1311 tempus
1668 1248 1721 1294 et
1756 1260 1969 1312 semper
2008 1244 2063 1293 in
2091 1244 2198 1294 suis
2226 1259 2342 1294 suc-

0 1316 37 1379 :ff
126 1326 442 1392 cessoribuS,
485 1325 753 1394 episcopis
793 1330 1009 1377 sanctae
1039 1325 1321 1377 Romanae
1350 1326 1519 1391 Sedis,
1561 1326 1626 1377 ab
1656 1327 1770 1393 ipso
1801 1326 2077 1391 fundatae,
2120 1327 2344 1394 eiusque

2 1406 19 1428 ’“
127 1415 474 1462 consecratae
516 1410 799 1477 sanguine,
840 1410 975 1461 vivit
1016 1414 1068 1460 et
1108 1409 1381 1478 praesidet
1422 1414 1475 1461 et
1514 1410 1773 1461 iudicium
1814 1416 2036 1462 exercet
2054 1411 2116 1475 a).
2180 1408 2342 1461 Unde

126 1492 450 1562 quicumque
491 1492 544 1543 in
587 1492 687 1543 hac
728 1491 1000 1545 Cathedra
1028 1492 1193 1544 Petro
1235 1492 1491 1558 succedit,
1533 1493 1576 1543 is
1615 1492 1912 1544 secundum
1942 1493 2140 1545 Christi
2176 1493 2346 1562 ipsius

270 1651 320 1710 a)
357 1652 433 1700 Cf.
471 1603 714 1712 Ephesini
752 1651 964 1699 Concilii
1000 1651 1115 1742 Act.
1152 1651 1250 1697 III.
1320 1649 1497 1741 [Hard.
1536 1650 1589 1698 C.
1628 1651 1679 1698 C.
1718 1652 1759 1710 I,
1786 1651 1965 1742 1478]

272 1776 286 1802 ¹
327 1776 453 1835 „Per
502 1776 592 1821 has
645 1741 1008 1837 descriptiones
1061 1791 1087 1822 e
1139 1791 1202 1821 ss.
1226 1740 1422 1821 Literis
1475 1740 1781 1836 desumptas
1822 1741 2074 1821 indicatur
2125 1790 2343 1833 r,ursum

125 1852 261 1914 quod
296 1853 358 1898 ab
395 1851 539 1897 initio
578 1851 711 1898 circa
746 1851 1056 1912 prooemium
1096 1851 1341 1908 diximus,
1391 1850 1584 1898 scilicet
1618 1851 2005 1912 participatione
2051 1851 2098 1897 b.
2134 1850 2339 1897 Petrum

122 1927 314 1974 factum
352 1927 536 1986 fuisse,
585 1928 719 1989 quod
756 1942 786 1973 a
822 1942 874 1973 se
912 1932 988 1973 est
1024 1927 1271 1973 Dominus
1307 1928 1478 1985 Iesus,
1525 1926 1632 1987 ipse
1668 1931 1871 1985 auctor,
1909 1927 2049 1985 fons,
2088 1926 2344 1987 exemplar

124 2003 264 2050 Petri
313 2003 578 2050 constituti
626 2003 806 2063 capitis
854 2006 1009 2065 atque
1058 2003 1376 2049 fundamenti
1411 2002 1668 2049 Ecclesiae
1718 2004 1863 2048 iuxta
1897 2002 2021 2048 illud
2057 2003 2120 2048 M.
2157 2002 2344 2048 Leonis

121 2080 154 2128 l.
191 2095 232 2127 c.
272 2078 465 2138 [Sermo
491 2080 587 2126 ΙΙΙ.
626 2078 712 2138 (al.
738 2079 834 2138 II.)
869 2096 916 2126 n.
944 2078 1034 2137 3.]:
1074 2083 1161 2138 ,ut‚
1201 2078 1363 2139 qualis
1389 2079 1483 2139 ipsi
1520 2078 1586 2136 (b.
1614 2078 1787 2135 Petro)
1825 2095 1937 2125 cum
1971 2078 2172 2125 Christo
2211 2080 2344 2124 esset

125 2155 358 2215 societas,
395 2171 486 2216 per
521 2156 630 2216 ipsa
667 2155 1063 2217 appellationum
1102 2155 1210 2200 eius
1246 2155 1487 2215 mysteria
1511 2152 1878 2214 nosceremus‘3
1917 2154 2065 2200 simul
2089 2153 2345 2200 indicatur

121 2231 253 2278 ratio
292 2236 342 2279 et
376 2232 571 2278 indoles
597 2231 819 2292 impositi
845 2231 997 2278 Petro
1025 2230 1191 2288 officii,
1232 2231 1365 2292 quod
1405 2235 1480 2277 est
1516 2230 1695 2277 summi
1721 2231 1952 2290 pastoris,
1991 2246 2020 2276 a
2044 2246 2143 2291 quo
2171 2244 2345 2276 omnes

122 2308 377 2370 pascendi,
416 2323 681 2369 quousque
717 2308 769 2354 in
793 2308 1022 2354 Ecclesia
1059 2311 1176 2353 sunt
1213 2322 1331 2353 oves
1369 2310 1417 2353 ct
1454 2308 1585 2367 agni,
1625 2311 1675 2353 ct
1710 2307 1826 2353 inde
1863 2310 2107 2367 perpetua
2144 2305 2346 2352 exsistit

122 2384 382 2432 Ecclesiae
441 2383 622 2432 salus.“
709 2384 1008 2443 (Adnotatio
1058 2385 1134 2430 28.
1194 2384 1547 2443 theologorum
1608 2384 1670 2429 ad
1730 2384 1930 2430 schema
1990 2384 2049 2430 de
2099 2383 2341 2430 Ecclesia.

124 2459 177 2508 C.
214 2460 276 2507 V.
315 2462 408 2507 613
423 2459 492 2518 b.)

269 2534 285 2561 ²
330 2536 442 2596 „Fit
479 2535 660 2583 allusio
700 2536 763 2582 ad
799 2537 1093 2598 parabolam
1133 2535 1332 2594 [Matth.
1373 2538 1415 2594 7,
1454 2537 1515 2580 24
1553 2535 1672 2596 sq.],
1721 2552 1810 2597 per
1847 2551 1997 2597 quam
2033 2536 2140 2596 ipse
2175 2535 2344 2581 Domi-

123 2626 218 2657 nus
269 2611 575 2669 declaravit,
623 2611 912 2658 firmitatem
956 2613 1132 2658 domus
1181 2628 1209 2658 a
1245 2612 1574 2658 fundamento
1622 2613 1870 2672 pendere,
1917 2612 2031 2657 hinc
2079 2627 2170 2673 per
2205 2610 2341 2657 illam

123 2686 435 2748 interpretes
483 2687 718 2733 catholici
753 2687 1045 2734 firmitatem
1083 2688 1286 2746 domus,
1340 2703 1489 2747 quam
1526 2686 1757 2733 Christus
1801 2686 1908 2747 ipse
1957 2702 2109 2747 supra
2144 2690 2340 2746 petram

122 2762 432 2820 aedificavit,
486 2778 683 2824 semper
731 2761 1079 2810 enarrarunt.“
1153 2763 1452 2822 (Adnotatio
1491 2765 1567 2809 29.
1616 2763 1971 2823 theologorum
2023 2762 2086 2808 ad
2138 2762 2342 2808 schema

125 2838 186 2885 de
222 2838 466 2885 Ecclesia.
538 2838 591 2886 C.
627 2839 688 2886 V.
727 2839 900 2897 613b.)

269 2913 284 2940 ³
322 2914 398 2960 Ea
431 2916 603 2974 verba,
643 2930 706 2962 ex
743 2916 972 2962 oratione
1009 2915 1253 2976 Philippi,
1290 2914 1617 2975 Apostolicae
1655 2914 1795 2961 Sedis
1830 2915 1881 2960 in
1919 2912 2142 2960 Concilio
2179 2913 2343 2972 Ephe-

126 2989 233 3037 sino
269 2991 441 3051 legati,
482 2991 765 3051 desumpta,
802 3007 933 3038 unus
971 3007 997 3038 e
1032 2991 1272 3038 Patribus
1308 2990 1553 3037 mutanda
1590 3006 1699 3037 esse
1736 2992 2004 3048 censebat,
2048 3004 2202 3049 quum
2238 2989 2341 3035 lite-

122 3066 296 3113 raliter
332 3071 542 3128 accepta
577 3082 752 3113 verum
791 3082 992 3114 sensum
1029 3081 1131 3113 non
1167 3081 1289 3127 prae
1326 3082 1378 3112 se
1415 3066 1624 3125 ferrent,
1660 3081 1826 3126 neque
1859 3065 2039 3123 omnia,
2077 3079 2207 3124 quae
2232 3079 2341 3110 ora-

122 3141 253 3188 torio
300 3142 448 3189 modo
502 3142 791 3190 dicerentur
844 3159 872 3189 a
917 3143 963 3190 S.
1012 3143 1153 3189 Sedis
1200 3142 1404 3202 Legatis
1455 3142 1505 3188 in
1554 3141 1817 3201 Conciliis,
1871 3140 2121 3187 censenda
2173 3144 2341 3187 essent

123 3219 404 3279 approbata
440 3235 468 3265 a
504 3219 760 3266 Patribus
830 3218 1245 3278 (Emendationes
1283 3222 1376 3265 etc.
1447 3217 1501 3264 C.
1538 3218 1599 3265 V.
1638 3219 1730 3263 314
1748 3217 1807 3272 c.)
1847 3242 1906 3248 -—
1942 3216 2223 3277 Respondit
2259 3216 2342 3262 de-

121 3293 402 3352 putationis
438 3293 654 3352 relator,
703 3294 859 3340 verba
904 3294 1167 3341 notissima
1217 3298 1265 3340 et
1300 3293 1452 3354 vulgo
1490 3293 1540 3339 in
1589 3292 1772 3338 scholis
1820 3295 2067 3352 usurpata
2102 3304 2211 3338 esse
2246 3306 2341 3337 nec

124 3367 258 3416 dicta
305 3369 529 3416 oratorio
579 3370 746 3417 modo.
815 3369 1142 3417 Praemisisse
1177 3369 1464 3430 Philippum
1512 3384 1663 3415 unam
1709 3372 1799 3415 aut
1844 3368 2054 3415 alteram
2100 3367 2339 3428 phrasim,

122 3446 181 3489 ut
216 3443 361 3490 daret
395 3444 660 3491 formalem
696 3461 927 3504 causam,
981 3447 1042 3492 ob
1081 3461 1231 3505 quam
1268 3445 1373 3506 ipse
1420 3445 1621 3491 nomine
1656 3444 1869 3490 Romani
1904 3443 2160 3490 Pontificis
2196 3457 2340 3502 prae-

124 3517 288 3566 sidere
336 3523 386 3566 et
423 3518 703 3567 Concilium
742 3521 1042 3567 confirmare
1080 3521 1302 3567 deberet.
1371 3520 1543 3566 Verba
1588 3520 1637 3565 in
1677 3520 1849 3580 primis
1887 3518 2122 3565 Conciliis
2160 3522 2209 3564 et
2244 3533 2339 3564 usu

124 3593 409 3641 scholarum
445 3598 663 3654 retenta,
702 3596 852 3643 etiam
889 3597 938 3642 in
975 3595 1198 3643 Concilio
1224 3596 1472 3641 Vaticano
1510 3595 1774 3641 retinenda
1811 3609 1935 3640 esse.
1986 3593 2203 3650 (Relatio
2241 3596 2336 3639 etc.

124 3666 177 3715 C.
214 3669 276 3718 V.
313 3672 406 3716 328
427 3670 489 3728 c.)
530 3699 589 3704 -—
625 3670 685 3717 Id
722 3673 783 3719 ab
822 3673 1053 3718 omnibus
1088 3672 1195 3718 fere
1227 3671 1465 3718 Patribus
1502 3672 1836 3731 approbatum
1874 3673 1950 3716 est
1987 3668 2205 3727 (Relatio
2244 3672 2338 3716 etc.

124 3742 179 3790 C.
216 3744 278 3792 V.
316 3744 494 3803 330b).
566 3746 757 3806 Quare,
811 3763 920 3793 cum
958 3749 1227 3795 verborum
1265 3747 1478 3793 mutatio
1525 3749 1703 3806 postea
1748 3746 1934 3792 iterum
1969 3747 2339 3829 proponeretur

125 3817 484 3881 (Exceptiones
522 3825 616 3869 etc.
686 3821 739 3869 C.
776 3822 838 3870 V.
875 3822 1060 3882 435b),
1114 3838 1173 3870 ea
1218 3822 1495 3883 propositio
1534 3821 1788 3900 suffragiis
1837 3820 2063 3867 subiecta
2103 3820 2201 3866 iam
2237 3835 2338 3866 non

124 3898 216 3942 est.
268 3894 486 3953 (Relatio
525 3901 620 3944 etc.
690 3896 744 3944 C.
780 3897 841 3943 V.
880 3899 1030 3945 4630.
1057 3896 1123 3955 d.)
