2548 4290
185 82 289 134 180
356 83 470 125 Pars
501 82 561 124 11.
620 80 776 124 Const.
811 81 866 124 de
899 83 1025 125 Eccl.
1093 81 1204 138 Cap.
1236 83 1296 126 11.
1354 81 1770 125 commentationes
1805 83 1861 125 de
1893 84 2129 139 aliquibus
2159 84 2289 128 loeis.

183 228 272 282 Sic
327 246 460 299 ergo
502 245 658 281 sacra
699 213 958 298 Synodus
1009 228 1243 282 solemni
1295 228 1498 281 iudicio
1552 228 1929 283 obedientiam
1970 230 2226 287 Romano
2266 234 2457 290 Ponti·

180 316 269 367 fici
299 314 543 367 debitam
572 331 697 365 cum
726 332 826 366 sua
853 314 1114 368 libertate
1145 314 1479 381 conciliavit,
1513 319 1592 382 ,ut
1619 332 1749 368 vere
1791 315 1942 383 (sunt
1969 317 2140 370 verba
2169 318 2223 374 S.
2250 319 2457 377 Leonis

182 401 250 454 de
294 401 542 454 Concilio
589 400 1054 468 Chalcedonensi)
1106 420 1138 455 a
1189 418 1247 454 se
1288 400 1559 470 prodiisse
1616 402 1971 470 ostenderet,
2029 403 2178 474 quod
2233 406 2385 476 prius
2426 426 2459 462 a

179 488 358 557 prima
409 486 653 540 omnium
695 487 827 540 sede
869 487 1195 549 formatum,
1256 487 1425 540 totius
1467 486 1751 540 christiani
1803 488 1951 541 orbis
2002 489 2268 543 iudicium
2308 509 2458 547 rece-

179 573 378 644 pisset:
434 578 495 624 ut
546 572 602 624 in
644 572 749 624 hoc
792 591 1010 643 quoque
1065 573 1233 643 capiti
1276 571 1526 625 membra
1579 572 1937 626 concordent‘
1964 573 1998 627 1.
2079 574 2144 627 In
2185 575 2289 628 hac
2331 593 2459 630 con-

179 657 366 710 cordia
406 657 781 711 membrorum
825 676 948 711 cum
991 659 1172 729 capite
1214 657 1538 729 resplendet
1590 657 1891 711 clarissime
1934 660 2246 714 assistentia
2288 661 2457 734 Spiri-

179 749 265 796 tus
295 743 482 797 Sancti
510 742 796 796 Ecclesiae
826 744 1114 814 promissa.
1168 743 1257 797 Sic
1288 744 1403 814 egit
1430 760 1585 796 sacra
1614 742 1872 815 Synodus
1900 743 2019 811 VI„
2062 750 2117 798 et
2153 746 2228 798 sic
2270 764 2460 802 omnes

178 829 320 882 aliae
363 829 648 898 egerunt.“

326 914 413 967 De
455 914 564 967 alia
605 919 792 967 autem
833 914 1189 985 quaestione,
1248 933 1355 985 quo
1394 932 1559 967 sensu
1600 914 1969 968 infallibilitas
2013 915 2225 969 Summi
2267 917 2460 971 Ponti-

178 1001 294 1055 ficis
337 1002 444 1054 dici
485 1002 657 1072 possit
695 1006 965 1071 separata,
1013 1000 1198 1072 Episc.
1241 1001 1592 1054 Brixinensis
1632 1002 1689 1054 in
1731 1001 1928 1055 eadem
1969 1000 2281 1056 relatione²
2322 1003 2458 1058 haec

123 1104 137 1118 Α
179 1088 426 1142 disserit:
486 1087 645 1154 „Dici
699 1093 882 1156 potest
931 1093 1176 1157 separata
1228 1105 1326 1141 seu
1365 1088 1551 1159 potius
1592 1087 1881 1156 distincta,
1935 1089 2065 1159 quia
2104 1088 2338 1142 fundata
2377 1095 2461 1143 est

177 1175 232 1226 in
272 1173 495 1244 speciali
539 1172 902 1244 promissione
945 1172 1167 1238 Christi,
1211 1180 1266 1226 et
1294 1172 1527 1244 proinde
1570 1174 1736 1227 etiam
1778 1174 1836 1226 in
1876 1174 2105 1245 speciali
2147 1175 2461 1228 assistentia

179 1260 415 1331 Spiritus
457 1259 663 1326 Sancti,
707 1277 848 1331 quae
889 1277 999 1312 non
1042 1267 1124 1312 est
1164 1278 1275 1312 una
1317 1259 1623 1330 eademque
1667 1278 1790 1312 cum
1831 1260 1944 1328 illa,
1988 1279 2097 1332 qua
2134 1260 2342 1331 gaudet
2382 1266 2461 1315 to·-

176 1352 292 1400 tum
351 1363 550 1417 corpus
591 1345 876 1398 Ecclesiae
934 1345 1184 1399 docentis
1240 1346 1488 1399 iunctum
1545 1363 1669 1398 cum
1726 1365 1823 1399 suo
1867 1347 2066 1417 capite.
2147 1346 2289 1399 Nam
2335 1363 2448 1399 01111

178 1433 379 1486 Petrus
421 1433 649 1503 eiusque
691 1449 974 1484 successor
1015 1431 1083 1484 sit
1124 1438 1376 1485 centrum
1418 1432 1644 1485 unitatis
1686 1432 2123 1500 ecclesiasticae,
2185 1433 2339 1485 cuius
2380 1448 2462 1486 esi:

176 1518 486 1572 Ecclesiam
528 1518 585 1569 in
626 1518 839 1571 unitate
881 1516 1009 1570 fidei
1053 1523 1107 1570 et
1149 1516 1433 1570 charitatis
1474 1534 1838 1584 conservare,
1888 1523 1944 1571 et
1983 1517 2265 1571 turbatam
2306 1535 2461 1588 repa--

178 1623 330 1667 rare,
374 1604 615 1657 conditio
659 1604 776 1657 eius
819 1609 874 1657 et
915 1604 1110 1657 relatio
1154 1604 1271 1657 eius
1312 1603 1381 1657 ad
1422 1603 1732 1657 Ecclesiam
1780 1610 1863 1657 est
1903 1622 2129 1675 prorsus
2170 1604 2454 1676 specialis3

179 1697 234 1743 et
275 1690 402 1742 huic
446 1690 750 1743 conditioni
791 1690 1017 1761 speciali
1059 1696 1114 1742 et
1156 1689 1447 1742 distinctae
1489 1689 1792 1758 respondet
1823 1689 2177 1760 privilegium
2217 1688 2455 1760 speciale

179 1783 233 1829 et
275 1776 612 1829 distinctum.
692 1775 758 1828 In
801 1776 905 1829 hoc
959 1794 1092 1846 ergo
1135 1794 1298 1828 sensu
1339 1776 1604 1847 competit
1644 1775 1902 1829 Romano
1945 1775 2205 1829 Pontifici
2260 1774 2458 1828 infalli-

178 1862 360 1915 bilitas
403 1870 675 1933 separata.
732 1862 842 1916 Sed
884 1862 1009 1916 ideo
1053 1881 1162 1916 non
1205 1881 1529 1934 separamus
1570 1862 1902 1915 Pontificem
1942 1862 2011 1915 ab
2054 1862 2459 1916 ordinatissima

179 1949 571 2001 coniunctione
622 1965 747 2000 cum
789 1948 1060 2001 Ecclesia.
1141 1948 1299 2020 Papa
1351 1949 1500 2001 enim
1551 1948 1899 2001 solummodo
1954 1953 2084 2001 tunc
2137 1954 2218 2001 est
2258 1947 2459 2001 infalli-

177 2034 331 2100 bilis,
390 2033 610 2105 quando
666 2034 911 2086 omnium
955 2034 1381 2087 christianorum
1425 2034 1665 2088 doctoris
1718 2052 1947 2087 munere
2000 2033 2267 2104 fungenS,
2325 2050 2461 2104 ergo

176 2120 547 2173 universalem
579 2120 891 2173 Ecclesiam
926 2126 1371 2191 repraesentanS,
1413 2120 1622 2174 iudicat
1652 2127 1706 2174 et
1748 2120 1959 2185 definit,
2002 2121 2134 2191 quid
2176 2120 2245 2173 ab
2287 2120 2461 2173 omni·

179 2207 279 2260 bus
323 2206 665 2260 credendum
707 2207 796 2260 vel
838 2207 1223 2260 reiiciendum.
1291 2206 1381 2260 Ab
1424 2206 1678 2260 Ecclesia
1718 2206 2021 2260 universali
2062 2213 2175 2259 tam
2215 2205 2461 2277 separari

176 2312 286 2346 non
328 2300 527 2365 potest,
574 2312 736 2365 quam
779 2293 1205 2347 fundamentum
1249 2294 1317 2347 ab
1360 2295 1633 2361 aedificio,
1676 2295 1763 2348 cui
1806 2293 2080 2364 portando
2122 2294 2458 2347 destinatum

178 2384 277 2433 est.
356 2379 482 2432 Non
525 2397 848 2450 separamus
899 2398 1065 2450 porro
1108 2380 1322 2451 Papam
1364 2380 1733 2433 infallibiliter
1789 2379 2146 2433 definientem
2188 2398 2219 2432 a
2260 2396 2460 2450 coope-

176 2466 392 2519 ratione
434 2471 489 2519 et
531 2483 803 2519 concursu
844 2466 1161 2534 Ecclesiae,
1215 2467 1411 2520 saltem
1454 2467 1510 2519 id
1552 2473 1634 2520 est
1675 2467 1729 2519 in
1773 2485 1837 2520 eo
1880 2485 2072 2532 sensu,
2127 2466 2275 2538 quod
2315 2466 2459 2519 hanc

178 2552 628 2623 cooperationem
686 2558 740 2605 et
798 2552 944 2604 hunc
998 2570 1326 2606 concursum
1379 2552 1667 2606 Ecclesiae
1721 2571 1833 2605 non
1889 2552 2255 2606 excludimus.
2334 2551 2459 2605 Hoc

176 2644 332 2710 patet
374 2656 445 2690 ex
488 2637 596 2690 fine
640 2638 803 2690 huius
844 2640 1269 2709 praerogativae
1312 2638 1575 2691 divinitus
1614 2656 1925 2692 concessae.

331 2724 516 2791 „Finis
559 2723 807 2777 eiusdem
853 2732 934 2777 est
977 2726 1325 2778 conservatio
1367 2725 1619 2778 veritatis
1658 2725 1710 2777 in
1754 2724 2023 2778 Ecclesia.
2074 2724 2225 2778 Talis
2267 2724 2459 2778 defini-

176 2811 341 2863 tionis
384 2828 517 2880 ergo
560 2815 689 2862 tunc
732 2816 814 2863 est
854 2811 943 2863 vel
985 2812 1228 2864 maxime
1270 2811 1455 2876 locus,
1500 2828 1624 2863 cum
1665 2810 1871 2867 alicubi
1912 2810 1968 2863 in
2009 2810 2263 2864 Ecclesia
2305 2828 2460 2863 scan-

177 2896 304 2951 dala
346 2897 489 2949 circa
526 2895 711 2962 fidem,
754 2896 1124 2950 dissensiones
1167 2903 1219 2949 et
1249 2897 1508 2950 haereses
1546 2896 1886 2963 exoriantur,
1929 2896 2127 2967 quibus
2154 2896 2459 2967 reprimen-

177 2982 258 3035 dis
294 2982 592 3036 Antistites
632 2983 993 3036 ecclesiarum
1035 2983 1358 3053 singillatim
1401 2982 1492 3036 vel
1534 2983 1702 3036 etiam
1744 2983 1797 3035 in
1842 2982 2089 3036 Concilio
2133 2981 2460 3052 provinciali

181 3068 507 3139 congregati
559 3069 801 3139 impares
843 3074 1001 3135 sunt,
1058 3070 1134 3122 ita
1175 3075 1235 3122 ut
1276 3069 1346 3122 ad
1400 3075 1647 3122 sanctam
1690 3068 1893 3122 Sedem
1934 3068 2317 3138 Apostolicam
2357 3068 2460 3120 hac

180 3154 248 3207 de
293 3171 459 3207 causa
500 3153 713 3207 referre
757 3160 1058 3223 cogantur3
1097 3155 1186 3208 vel
1229 3156 1270 3208 si
1314 3155 1419 3226 ipsi
1448 3154 1743 3207 Antistites
1784 3154 1927 3207 tristi
1969 3154 2170 3207 erroris
2210 3153 2336 3206 labe
2377 3152 2459 3206 in-

177 3240 309 3293 fecti
349 3239 573 3293 fuerint.
629 3239 793 3294 Hanc
823 3241 1274 3311 cooperationem
1304 3240 1590 3293 Ecclesiae
1629 3247 1746 3293 tum
1772 3238 1900 3292 ideo
1940 3257 2051 3292 non
2093 3238 2458 3303 excludimus,

178 3328 307 3397 quia
347 3325 716 3379 infallibilitas
757 3326 1046 3379 Pontificis
1086 3326 1324 3380 Romani
1379 3345 1489 3379 non
1529 3344 1628 3397 per
1681 3325 1906 3378 modum
1950 3325 2326 3395 inspirationis
2367 3324 2456 3378 vel

175 3412 563 3478 revelationiS,
617 3410 714 3464 sed
756 3429 854 3480 per
895 3410 1122 3464 modum
1165 3411 1386 3464 divinae
1439 3411 1783 3464 assistentiae
1827 3410 1932 3479 ipsi
1985 3410 2228 3464 obvenit.
2307 3410 2457 3463 Hinc

107 3563 110 3571 .
177 3498 335 3568 Papa
374 3515 472 3567 pro
516 3496 697 3550 officio
739 3514 836 3549 suo
880 3502 935 3549 et
974 3497 1056 3550 rei
1095 3497 1370 3567 gravitate
1412 3502 1634 3550 tenetur
1686 3495 1869 3549 media
1909 3500 2040 3567 apta
2080 3495 2346 3549 adhibere
2386 3493 2456 3548 ad

176 3584 470 3636 veritatem
511 3582 615 3635 rite
668 3581 1045 3652 indagandam
1104 3588 1158 3635 et
1198 3588 1327 3654 apte
1383 3581 1808 3648 enuntiandam,
1867 3585 1923 3634 et
1965 3581 2235 3635 eiusmodi
2275 3581 2458 3634 media

330 3777 342 3804 ¹
383 3778 528 3826 Inter
567 3793 684 3841 opp.
725 3779 771 3827 S.
810 3779 998 3827 Leonis
1038 3784 1159 3828 tom.
1199 3779 1240 3828 I.
1294 3780 1443 3843 epist.
1486 3781 1594 3828 120.
1646 3778 1708 3826 ad
1747 3778 2058 3826 Theodoret.
2110 3779 2264 3842 episc.
2315 3776 2452 3840 Cyri,

177 3871 225 3917 p.
267 3856 410 3914 1219,
451 3856 571 3904 edit.
608 3856 798 3905 Baller.

329 3931 345 3959 ²
384 3932 438 3981 C.
477 3933 540 3981 V.
577 3935 717 3982 3990
756 3950 867 3998 sqq.
