2548 4290
424 204 460 245 Ι.
504 203 625 245 Ordo
659 206 703 244 in
737 203 927 244 decretis
961 201 1205 243 condendis
1238 205 1456 242 servatus.
1520 202 1760 242 Decretum
1794 201 1862 242 20.
1894 200 2027 241 Febr.
2314 200 2345 250 5

125 355 282 403 natae
332 354 506 402 textu,
581 346 832 401 Ferenda
872 352 1054 399 autem
1105 350 1259 398 erant
1307 346 1441 397 haec
1481 344 1741 413 suffragia
1790 345 1892 410 ita,
1941 348 2002 395 ut
2039 342 2343 409 Praesides,

125 433 412 504 propositis
453 432 676 501 singulis
716 430 1185 483 emendationibus
1219 429 1307 481 vel
1344 434 1529 495 textU,
1570 428 1636 481 ad
1678 427 2008 496 surgendum
2049 427 2343 479 invitarent

126 517 358 588 primum
409 534 527 582 eos,
583 515 672 584 qui
725 513 1092 566 emendationi
1140 513 1229 564 vel
1276 512 1453 564 textui
1504 512 1925 577 assentirentur,
1979 510 2174 562 deinde
2227 527 2336 575 eos,

126 600 216 669 qui
255 596 752 665 contradicerent13
793 597 1074 649 recensitis
1116 595 1311 647 deinde
1353 595 1622 663 suffragiis
1661 594 1716 646 id
1758 593 2162 646 decernendum
2202 597 2334 658 erat,

270 754 283 779 ¹
322 752 483 808 Quum
523 753 724 798 exstent
761 750 923 796 adhuc
962 749 1354 809 reprehensores
1388 747 1600 796 Concilii
1638 747 1898 806 Vaticani,
1943 746 2026 807 qui
2064 745 2199 807 quod
2237 745 2343 792 solo

124 831 239 875 actu
277 827 514 889 surgendi
553 831 601 874 et
639 826 845 873 sedendi
883 824 1127 885 suffragia
1164 825 1224 871 de
1261 824 1700 871 emendationibus
1735 824 1840 869 lata
1877 824 1992 880 sint,
2028 821 2257 868 Concilio
2294 821 2345 867 in

123 903 311 950 crimen
347 906 568 963 vertunt,
608 906 852 963 sequatur
888 901 983 947 hoc
1009 901 1119 947 loco
1148 900 1434 961 exemplum
1462 900 1857 960 suffragationis,
1897 899 2032 960 quod
2057 898 2345 945 accuratius

121 979 171 1025 in
208 980 335 1026 actis
371 980 590 1026 relatum
629 982 720 1026 est.

263 1055 450 1116 Agitur
486 1056 547 1102 de
582 1055 755 1116 primis
790 1053 957 1100 verbis
995 1053 1140 1114 primi
1177 1052 1357 1113 capitis
1394 1051 1784 1099 Oonstitutionis
1822 1051 1882 1098 de
1917 1050 2030 1098 fide.
2088 1050 2258 1098 Verba
2295 1050 2347 1097 in

121 1131 375 1179 schemate
421 1131 659 1179 Patribus
703 1130 962 1192 proposito
1016 1132 1160 1175 erant
1207 1129 1360 1174 haec:
1417 1127 1631 1187 „Sancta
1679 1128 1906 1174 Romana
1958 1127 2207 1175 catholica
2253 1126 2346 1173 Ec-

121 1207 273 1254 clesia
318 1208 477 1255 credit
513 1205 635 1255 etc.“
689 1206 764 1265 (G.
802 1206 862 1252 V.
902 1204 1037 1263 710).
1088 1205 1231 1251 Duae
1280 1205 1656 1252 emendationes
1702 1205 2132 1266 proponebantur.
2201 1203 2346 1250 Unus

120 1283 183 1329 ex
217 1282 453 1330 Patribus
490 1283 666 1342 voluit,
703 1297 877 1329 vocem
919 1278 1200 1341 „Romana“
1242 1280 1423 1327 omitti.
1494 1280 1656 1339 Alter,
1695 1281 1816 1342 poni
1858 1279 2154 1340 „Catholica
2189 1283 2344 1340 atque

119 1358 346 1405 Romana
381 1356 655 1417 Ecclesia“,
709 1374 813 1418 seu,
853 1357 892 1404 si
930 1357 977 1403 id
1013 1372 1111 1404 non
1152 1357 1402 1418 placeret,
1453 1356 1631 1403 saltem
1681 1371 1874 1402 comma
1922 1355 2177 1416 interponi
2212 1355 2347 1401 inter

122 1436 277 1482 verba
316 1432 597 1494 ⁷,Romana“
654 1438 703 1481 et
756 1430 1060 1493 „catholica“
1113 1432 1187 1491 (C.
1226 1432 1286 1479 V.
1339 1431 1478 1489 asta).
1552 1433 1657 1479 Iam
1705 1432 1951 1479 relatione
2000 1433 2060 1478 de
2112 1430 2346 1479 emenda-

122 1509 370 1569 tionibus,
424 1511 640 1571 quaein
687 1511 899 1571 primam
949 1509 1128 1570 capitis
1175 1509 1547 1570 paragraphum
1596 1509 1888 1570 propositae
1937 1511 2107 1567 erant,
2156 1507 2345 1566 habita,

121 1587 378 1634 acceditur
415 1588 477 1634 ad
514 1587 757 1647 suffragia
793 1587 887 1633 hoc
925 1586 1100 1632 modo:
1151 1586 1300 1632 Iussu
1338 1585 1589 1632 Praesidis
1627 1585 2040 1632 Subsecretarius
2078 1586 2344 1632 ambonem

120 1663 347 1709 ascendit
385 1667 433 1710 et
469 1663 679 1724 primam
719 1663 1139 1719 emendationem,
1180 1678 1328 1723 quam
1355 1662 1535 1708 Patres
1574 1662 1810 1723 scriptam
1847 1662 1897 1708 in
1926 1661 2159 1708 manibus
2195 1660 2346 1706 habe-

120 1739 258 1797 bant,
294 1739 440 1800 legit:

269 1815 603 1877 „Proponitur
639 1819 694 1862 ut
730 1815 871 1861 initio
900 1803 1076 1875 capitis
1104 1815 1251 1874 primi
1277 1814 1572 1875 simpliciter
1611 1814 1833 1861 dicatur:
1872 1814 2057 1862 Sancta
2094 1813 2346 1861 catholica

121 1890 349 1938 Ecclesia
385 1892 544 1938 credit
581 1895 630 1938 et
667 1891 936 1938 confitetur
972 1907 1126 1937 unum
1165 1906 1274 1937 esse
1312 1888 1437 1938 etc.“

268 1967 394 2013 Tum
431 1968 587 2014 Effius
623 1968 814 2029 primus
851 1966 1064 2014 Praeses
1102 1967 1281 2014 Patres
1318 1967 1367 2013 in
1405 1968 1539 2013 hunc
1577 1968 1782 2014 modum
1820 1967 2182 2028 interrogavit:

269 2042 411 2100 „Rffii
446 2043 625 2090 Patres
674 2044 759 2104 qui
807 2043 922 2089 huic
983 2043 1326 2090 emendationi
1377 2043 1525 2089 modo
1579 2043 1741 2090 lectae
1780 2043 2158 2103 assentiuntur,
2210 2058 2343 2089 nunc

120 2132 330 2178 surgere
367 2123 416 2165 et
453 2119 645 2166 tamdiu
694 2123 827 2165 stare
866 2118 1075 2178 debent,
1126 2119 1284 2165 donec
1322 2119 1443 2165 satis
1481 2123 1678 2165 constet
1727 2119 1786 2165 dc
1824 2119 2000 2166 maiori
2046 2119 2125 2165 vel
2162 2118 2344 2165 minori

122 2192 479 2254 suffragiorum
519 2209 729 2240 numero
766 2209 856 2254 pro
893 2194 986 2240 hac
1024 2191 1425 2241 emcndationo.“

265 2269 330 2316 Et
365 2270 678 2330 paucissimis
718 2271 1058 2331 surgentibus,
1097 2271 1287 2331 primus
1323 2271 1536 2317 Pracses
1574 2271 1668 2317 ait:

267 2346 513 2406 ⁷,Evidens
562 2350 663 2405 est,
717 2346 849 2407 quod
893 2346 1042 2407 longe
1079 2347 1238 2393 maior
1274 2346 1484 2393 Patrum
1522 2363 1638 2409 pars
1686 2347 1801 2392 huic
1841 2346 2179 2393 emendationi
2228 2360 2345 2392 con-

119 2419 381 2468 tradicat.“

263 2497 389 2543 Dein
426 2498 503 2543 his
539 2498 704 2543 verbis
743 2498 920 2545 Patres
958 2499 1292 2560 interrogavit
1330 2499 1390 2545 de
1426 2499 1682 2559 suffragiis
1736 2500 1957 2546 secunda
1992 2500 2101 2545 vicc
2141 2498 2342 2545 dandis:

266 2573 402 2631 „Iam
438 2588 558 2620 vero
598 2574 742 2620 iuxta
777 2588 1003 2620 normam
1042 2576 1404 2636 praescriptam
1442 2576 1787 2621 necessarium
1825 2580 1925 2635 est,
1975 2580 2031 2622 ut
2068 2575 2128 2622 de
2167 2575 2342 2622 eadem

119 2650 469 2696 emendatione
508 2651 825 2710 exquiratur,
866 2651 951 2712 qui
978 2651 1155 2698 Patres
1193 2653 1419 2698 eamdem
1458 2653 1825 2713 reprobandam
1855 2657 2108 2699 censeant.
2158 2653 2341 2713 Itaque

120 2739 251 2771 nunc
298 2725 332 2770 ii
378 2724 489 2770 Rffii
535 2725 744 2785 Patres,
806 2727 891 2787 qui
939 2727 1053 2773 huic
1102 2728 1262 2774 eidem
1312 2728 1650 2774 emendationi
1699 2728 2086 2787 contradicunt,
2133 2741 2341 2788 surgere

119 2800 326 2860 debent,
376 2816 432 2847 ac
470 2801 660 2847 tamdiu
698 2806 856 2862 stare,
908 2802 1065 2850 donec
1102 2805 1224 2850 satis
1263 2808 1461 2851 constet
1507 2804 1566 2850 de
1616 2805 1793 2850 maiori
1829 2805 1909 2851 vel
1945 2804 2126 2850 minori
2164 2804 2342 2850 suffra-

116 2877 315 2937 giorum
351 2892 562 2924 numero
600 2882 778 2924 contra
813 2878 942 2925 hanc
981 2878 1431 2927 emendationem.“

260 2953 325 3000 Et
362 2954 687 3014 surgentibus
723 2954 961 3003 Patribus
998 2971 1124 3016 pene
1162 2958 1408 3014 omnibus,
1447 2956 1603 3003 Rffius
1640 2958 1831 3017 primus
1869 2957 2082 3003 Pracses
2119 2957 2339 3004 addidit:

265 3029 487 3088 „Iterum
527 3029 728 3076 evidens
767 3034 869 3089 est,
907 3031 1055 3092 longe
1094 3033 1330 3079 maiorem
1367 3031 1577 3079 Patrum
1615 3037 1809 3095 partem
1848 3033 1965 3080 huic
2004 3033 2340 3080 emendationi

118 3104 480 3152 contradicere.
550 3105 614 3151 Et
664 3106 850 3153 idcirco
904 3122 965 3152 cx
1011 3111 1230 3169 utroque
1268 3109 1616 3169 experimento
1672 3113 1897 3168 constat,
1949 3110 2156 3169 primam
2210 3110 2340 3156 hanc

118 3181 519 3228 emendationem
556 3197 582 3227 a
622 3181 846 3228 Concilio
884 3182 1040 3229 fuisse
1078 3181 1362 3230 reiectam.“

262 3256 335 3303 De
374 3258 723 3305 emendatione
761 3258 980 3304 secunda
1017 3259 1259 3320 suffragia
1297 3260 1531 3321 deinceps
1569 3266 1746 3322 rogata
1799 3265 1931 3308 sunt.
2001 3261 2066 3308 Et
2105 3261 2340 3322 quoniam

121 3331 304 3392 duplici
356 3337 554 3380 constat
589 3339 759 3395 parte,
811 3335 972 3395 prima
1007 3351 1156 3396 pars,
1204 3351 1301 3397 qua
1338 3336 1574 3382 nimirum
1611 3338 1943 3398 proponitur,
1995 3341 2051 3384 ut
2088 3337 2137 3383 in
2176 3338 2340 3397 capite

118 3405 277 3465 primo
314 3407 536 3469 legatur:
597 3408 845 3456 Catholz'ea
883 3415 1022 3470 atque
1057 3409 1279 3457 Romana
1315 3410 1556 3468 Ecclesia,
1608 3411 1781 3458 eadem
1830 3412 2028 3459 ratione
2075 3428 2132 3459 ac
2179 3413 2340 3473 prima

120 3482 402 3529 emendatio
438 3485 627 3532 reiecta
663 3489 739 3532 est
775 3501 803 3531 a
829 3485 1066 3533 Patribus
1105 3488 1278 3533 eadem
1313 3487 1513 3534 omnino
1550 3488 1713 3535 forma
1749 3488 1825 3534 bis
1862 3489 2206 3549 interrogatis.
2258 3488 2341 3535 Se-

119 3556 283 3603 cunda
317 3573 436 3604 vero
472 3575 612 3620 pars,
664 3561 750 3607 ubi
794 3560 1004 3620 legitur:
1053 3560 1141 3607 Sin
1178 3568 1333 3609 autem
1370 3578 1464 3608 non
1494 3564 1737 3623 placuerit
1772 3564 2031 3622 Patribus,
2085 3569 2137 3610 ut
2172 3565 2339 3611 saltem

117 3646 300 3679 comma
325 3634 662 3693 interponatur
684 3638 809 3682 inter
833 3637 975 3683 verba
999 3635 1279 3697 „Romana“
1304 3644 1344 3685 et
1366 3637 1692 3699 „catholica“,
1721 3655 1833 3686 cum
1852 3640 2107 3701 suffragiis
2126 3640 2337 3687 Patrum

119 3707 347 3755 subiecta
383 3713 474 3767 est,
510 3725 609 3756 non
644 3711 873 3757 eumdem
901 3727 1200 3759 consensum
1238 3714 1452 3761 invenit:
1492 3715 1578 3761 sed
1615 3730 1727 3761 cum
1765 3715 1935 3776 plures
1972 3721 2022 3763 et
2059 3720 2252 3763 stantes
2290 3721 2339 3764 et

119 3784 352 3830 sedentes
390 3789 582 3843 essent,
632 3791 941 3834 scrutatores
981 3789 1337 3850 suffragiorum
1374 3792 1538 3837 vocati
1578 3795 1719 3850 sunt,
1770 3795 1826 3837 ut
1863 3795 1912 3838 et
1949 3796 2142 3840 stantes
2180 3796 2229 3839 et
2267 3808 2342 3839 se-

121 3858 294 3905 dentes
342 3866 682 3908 numerarent.
754 3862 898 3917 Quod
936 3864 1051 3909 dum
1088 3864 1257 3923 fieret,
1307 3866 1476 3926 plures
1525 3882 1586 3912 ex
1624 3867 1761 3912 Rfflis
1797 3866 2034 3914 Patribus
2071 3868 2337 3916 Praesides

119 3939 380 3995 rogarunt,
419 3941 475 3982 ut
512 3938 678 3998 quoad
702 3939 1097 3999 propositionem
1134 3941 1262 3987 hanc
1300 3942 1733 4003 suspenderentur
1759 3929 2016 4005 suffragia,
2056 3948 2111 3991 ut
2137 3945 2336 3992 interim
