2548 4290
282 139 526 182 Comment.
558 142 642 182 IX.
700 141 893 183 Concilii
926 142 1122 183 definitio
1157 143 1210 183 de
1243 143 1418 184 obiecto
1452 144 1799 186 infallibilitatis·
1821 145 2093 199 pontificiae.
2201 145 2304 195 203

95 285 411 355 gregatione
450 286 692 353 generali
733 286 1064 354 propositam
1103 304 1267 355 supra
1306 287 1582 338 attulimus
1607 287 1639 352 ¹,
1691 305 1799 338 non
1838 287 2067 338 multum
2109 286 2307 338 differt.

97 369 186 438 Ea,
225 369 369 438 typis
418 369 682 438 impressa
734 369 876 421 inter
927 369 1119 422 Patres
1179 369 1516 421 distribuitur
1538 369 1573 423 ².
1663 370 1889 422 Relator
1944 370 2309 440 deputationis

97 452 438 505 constituitur
475 451 655 519 Episc.
695 452 1027 503 Brixinenis.

240 537 293 589 Is
332 538 387 589 in
428 537 868 605 Congregatione
908 539 1153 607 generali
1196 540 1526 608 octogesima
1568 545 1757 608 quarta
1798 539 1872 604 (d.
1917 542 1998 592 11.
2038 540 2215 606 Iulii),
2255 540 2310 590 in

96 638 200 690 qua
240 621 307 672 de
349 621 819 672 emendationibus
860 622 1085 674 Patrum
1126 621 1386 691 suffragia
1425 622 1651 674 ferenda
1692 628 1876 688 erant,
1932 623 2106 690 primo
2148 640 2311 691 gene-

0 697 61 778 isss
97 705 255 756 ratim
294 704 361 755 de
402 704 578 772 capite
620 710 809 772 quarto
830 703 867 769 3,
908 704 1105 756 deinde
1147 704 1214 756 de
1240 705 1464 773 singulis
1490 705 1677 774 primis
1704 706 1896 773 viginti
1925 705 2310 757 emendationi-

97 787 196 839 bus
218 788 255 853 4,
305 791 467 855 atque
507 786 781 855 suffragiis
822 788 889 839 de
930 787 1012 839 his
1051 788 1203 851 latis,
1260 787 1327 839 de
1377 788 1600 856 reliquis
1640 788 2110 840 emendationibus
2150 788 2314 840 disse-

96 869 259 923 ruit5.
337 870 515 930 Quum
570 870 638 921 ad
691 870 812 921 illas
862 871 1228 939 pervenisset,
1289 888 1427 939 quae
1481 870 1548 923 ad
1603 871 1873 923 obiectum
1912 871 2314 923 infallibilitatis

97 953 433 1019 referuntur,
499 954 671 1020 primo
713 972 833 1005 eam
874 954 1163 1006 formulam
1203 954 1498 1023 praelegit,
1555 972 1714 1023 quam
1756 954 2033 1023 deputatio
2072 955 2314 1006 unanimi

0 1061 33 1079 ι
99 1054 364 1089 consensu
404 1036 805 1104 comprobavit,
858 1042 938 1088 est
977 1042 1158 1088 autem
1198 1037 1357 1088 haec:
1415 1077 1458 1101 „.
1502 1077 1511 1087 .
1556 1079 1566 1089 .
1608 1055 1758 1089 sacro
1799 1038 2134 1106 approbante
2176 1036 2315 1089 Con-

100 1120 222 1172 cilio
264 1119 518 1172 docemus
555 1124 608 1170 et
648 1119 904 1171 divinitus
943 1121 1245 1172 revelatum
1288 1120 1484 1188 dogma
1513 1138 1627 1172 esse
1658 1121 1968 1171 definimus:
2007 1121 2315 1172 Romanum

0 1211 42 1231 ³
101 1203 439 1266 Pontificem,
481 1220 644 1270 quum
684 1220 753 1254 ex
783 1201 1056 1255 Cathedra
1083 1203 1336 1272 loquitur,
1378 1202 1434 1254 id
1474 1208 1554 1254 est
1595 1221 1757 1272 quum
1800 1204 2037 1255 omnium
2078 1204 2317 1254 christia-

101 1303 292 1337 norum
332 1286 560 1354 pastoris
612 1293 665 1337 et
717 1285 951 1337 doctoris
1002 1304 1226 1338 munere
1278 1286 1509 1354 fungens
1551 1304 1646 1354 pro
1686 1305 1938 1355 suprema
1975 1304 2071 1337 sua
2108 1290 2316 1354 aposto-

0 1370 33 1409 {⁴1
101 1369 206 1421 lica
245 1370 564 1421 auctoritate
619 1369 918 1420 doctrinam
970 1369 1035 1421 de
1085 1369 1190 1421 fide
1238 1370 1325 1421 vel
1380 1370 1617 1421 moribus
1672 1370 1739 1421 ab
1779 1370 2031 1422 universa
2068 1369 2316 1421 Ecclesia

0 1465 3 1472 “
101 1452 393 1506 tenendam
443 1452 660 1518 definit,
712 1470 810 1521 per
851 1454 1210 1505 assistentiam
1253 1453 1490 1505 divinam
1544 1454 1647 1521 ipsi
1698 1453 1753 1504 in
1793 1453 1843 1506 b.
1884 1454 2049 1504 Petro
2091 1452 2318 1522 promis-

103 1554 216 1588 sam
257 1554 321 1588 ea
359 1535 748 1587 infallibilitate
790 1536 1011 1604 pollere,
1053 1554 1157 1604 qua
1198 1536 1410 1587 divinus
1449 1536 1785 1605 Redemptor
1825 1535 2128 1588 Ecclesiam
2167 1552 2317 1586 suam

103 1620 158 1671 in
218 1619 525 1671 definienda
583 1619 828 1671 doctrina
886 1620 952 1671 de
1007 1619 1113 1671 fide
1164 1620 1251 1671 vel
1304 1620 1542 1671 moribus
1594 1620 1907 1671 instructam
1966 1636 2081 1670 esse
2130 1618 2319 1683 voluit,

102 1702 333 1772 ideoque
377 1701 639 1754 eiusmodi
682 1702 912 1754 Romani
954 1703 1233 1754 Pontificis
1274 1702 1616 1754 definitiones
1670 1720 1786 1754 esse
1838 1720 1909 1753 ex
1949 1719 2065 1753 sese
2104 1700 2320 1752 irrefor-

106 1785 378 1838 mabiles.“
404 1784 422 1815 ⁶
498 1785 665 1836 Rffius
706 1786 908 1837 relator
960 1786 1120 1851 dicit,
1172 1786 1353 1837 multis
1395 1785 1592 1837 habitis
1634 1785 2114 1837 deliberationibus
2154 1784 2322 1852 depu-

106 1870 369 1921 tationem
411 1868 779 1935 constituisse,
833 1868 972 1919 hanc
1013 1868 1330 1933 formulam,
1383 1886 1521 1937 quae
1558 1868 1676 1920 fere
1718 1868 1910 1920 eadem
1951 1869 2018 1919 sit
2058 1885 2175 1919 cum
2216 1866 2322 1917 for-

107 1952 253 2003 mula
306 1952 361 2002 in
426 1951 806 2003 emendatione
871 1953 1214 2020 sexagesima
1272 1957 1463 2004 octava
1526 1953 1833 2021 proposita,
1900 1950 2324 2019 Congregationi

108 2036 352 2105 generali
402 2035 798 2087 commendare.
876 2036 1090 2088 Deinde
1133 2054 1251 2087 eam
1293 2036 1664 2104 explicaturus
1706 2035 1968 2099 ostendit,
2018 2036 2073 2085 in
2114 2052 2179 2086 ea
2217 2050 2325 2084 ser-

33 2165 39 2172 .
109 2137 324 2171 monem
365 2137 479 2172 esse
522 2120 588 2172 de
630 2119 872 2171 subiecto
914 2119 1345 2184 infallibilitatis,
1391 2120 1588 2171 deinde
1631 2119 1696 2171 de
1738 2118 2135 2170 conditionibus
2176 2121 2325 2168 actus

110 2202 413 2254 infallibilis
456 2202 817 2267 definitionis,
869 2208 983 2253 tum
1027 2202 1092 2254 de
1133 2203 1534 2254 infallibilitatis
1574 2219 1735 2253 causa
1774 2202 2060 2267 efficienti,
2108 2200 2328 2252 tandein

113 2286 179 2338 de
219 2287 333 2338 eius
375 2286 603 2338 obiecto,
682 2287 833 2345 Quae
876 2286 942 2337 de
984 2286 1196 2337 obiecto
1238 2286 1520 2349 disseruit,
1564 2285 1630 2336 ad
1670 2304 1765 2336 nos
1808 2287 2040 2337 maxime
2081 2288 2329 2352 spectant

113 2376 274 2439 atque
316 2371 739 2422 controversiam
782 2387 996 2421 omnem
1038 2371 1313 2434 dirimunt,
1356 2387 1521 2437 quare
1564 2387 1627 2421 ea
1666 2370 1880 2437 integra
1919 2370 2234 2420 referemus.

262 2456 714 2522 „Infallibilitas“,
756 2457 945 2526 inquit,
992 2457 1284 2525 „promissa
1313 2462 1394 2508 est
1429 2456 1498 2507 ad
1539 2456 1950 2507 custodiendum
1993 2461 2047 2506 et
2074 2455 2328 2506 evolven-

116 2541 244 2593 dum
284 2542 555 2609 integrum
598 2541 904 2610 depositum
944 2541 1087 2592 fidei.
1165 2540 1309 2592 Hinc
1350 2541 1643 2591 universim
1693 2540 1911 2608 quidem
1962 2539 2122 2590 facile
2163 2543 2330 2606 patet,

118 2625 388 2677 obiectum
438 2624 839 2676 infallibilitatis
891 2641 1006 2675 esse
1059 2624 1359 2675 doctrinam
1412 2623 1477 2674 de
1529 2624 1634 2674 fide
1677 2629 1731 2674 et
1777 2623 2033 2675 moribus
2109 2622 2185 2673 At
2222 2639 2331 2672 non

119 2726 304 2760 omnes
343 2708 615 2771 veritateS,
657 2725 795 2776 quae
837 2706 904 2758 ad
939 2706 1240 2758 doctrinam
1281 2706 1347 2757 de
1388 2706 1493 2757 fide
1536 2711 1589 2757 et
1616 2705 1854 2757 moribus
1883 2706 2183 2756 christianis
2213 2721 2329 2772 per-

118 2792 308 2857 tinent,
350 2797 472 2842 sunt
511 2791 669 2842 unius
711 2790 885 2854 modi,
930 2807 1027 2841 nec
1069 2807 1253 2841 omnes
1293 2790 1347 2840 in
1386 2807 1493 2841 uno
1524 2789 1822 2857 eodemque
1863 2789 2034 2857 gradu
2063 2788 2131 2839 ad
2159 2793 2332 2838 custo-

119 2874 263 2927 diam
302 2874 626 2942 integritatis
682 2873 912 2942 depositi
964 2873 1298 2924 necessariae
1349 2878 1487 2923 sunt.
1565 2872 1725 2923 Unde
1766 2872 1927 2923 etiam
1969 2871 2330 2939 consequitur,

120 2975 329 3010 errores
382 2959 678 3009 contrarios
739 2957 961 3008 diversis
1015 2956 1272 3024 gradibus
1331 2956 1607 3007 adversari
1664 2956 1907 3023 deposito
1964 2954 2332 3018 custodiendO,

117 3047 278 3112 prout
316 3043 571 3093 veritates
610 3041 789 3109 ipsae,
842 3040 1034 3109 quibus
1074 3039 1447 3104 adversantur,
1500 3039 1670 3106 magis
1710 3039 1796 3089 vel
1839 3039 2011 3089 minus
2050 3038 2118 3089 ad
2158 3039 2332 3106 ipsum

119 3125 423 3194 depositum
465 3126 753 3193 pertinent.
808 3123 913 3183 Qui
954 3123 1170 3192 quidem
1213 3140 1455 3174 errorum
1496 3122 1695 3190 gradus
1726 3122 1922 3173 diversi
1959 3122 2184 3173 diversis
2213 3137 2335 3172 cen-

121 3227 368 3261 surarum
410 3210 550 3259 notis
591 3209 1016 3276 distinguuntur.

278 3419 290 3445 ¹
328 3418 382 3465 P.
420 3418 559 3466 2014.
698 3418 711 3443 ²
750 3419 881 3463 Acta
917 3415 1382 3476 Congrcgationum
1420 3419 1514 3461 etc.
1571 3413 1624 3460 O.
1651 3414 1710 3460 V.
1740 3415 1892 3460 7581).
1920 3439 1979 3444 —
2004 3413 2202 3460 Relatio
2242 3417 2337 3461 etc,

124 3494 177 3542 C.
213 3495 273 3540 V.
312 3496 471 3542 3881).

274 3570 287 3596 ³
326 3570 523 3616 Relatio
553 3573 646 3616 ete.
696 3568 749 3615 C.
780 3567 838 3615 V.
866 3569 998 3614 3880
1027 3582 1134 3628 sqq.
1161 3591 1221 3597 --
1248 3567 1376 3612 Acta
1396 3565 1856 3626 Congregationum
1884 3568 1977 3611 etc.
2026 3563 2080 3611 O.
2104 3563 2166 3610 V.
2187 3565 2276 3610 758
2293 3564 2338 3610 b.

269 3645 286 3672 4
322 3645 519 3692 Relatio
541 3650 636 3691 etc.
674 3644 726 3691 O.
745 3644 805 3690 V.
827 3646 917 3689 406
936 3659 964 3689 a
983 3658 1089 3703 sqq.
1119 3667 1177 3673 -—-
1204 3642 1335 3688 Acta
1355 3640 1815 3702 Congregationum
1837 3644 1931 3687 etc.
1968 3638 2021 3686 O.
2040 3639 2100 3685 V.
2124 3640 2214 3684 758
2230 3641 2275 3686 b.
2298 3655 2339 3685 c.

271 3720 286 3747 ⁵
321 3722 520 3768 Relatio
541 3725 638 3767 etc.
678 3720 731 3767 O.
757 3720 817 3766 V.
845 3721 983 3765 4lOa
1020 3734 1127 3780 sqq.
1153 3746 1212 3752 —
1240 3719 1371 3764 Acta
1389 3717 1852 3778 Congregationum
1880 3719 1974 3762 etc.
2023 3714 2077 3762 O.
2102 3715 2163 3762 V.
2190 3716 2281 3760 758
2300 3731 2340 3762 c.

272 3796 288 3822 6
323 3797 522 3844 Relatio
571 3807 666 3843 etc.
736 3796 789 3843 C.
826 3795 889 3841 V.
938 3795 1079 3840 413d
1116 3809 1188 3855 sq.
1259 3793 1334 3840 Cf.
1373 3794 1529 3839 38810.
1599 3791 1675 3838 Of.
1724 3792 1801 3837 Ex
1850 3792 1976 3837 actis
2022 3796 2117 3838 etc.
2187 3791 2240 3839 O.
2277 3791 2338 3837 V.

129 3872 253 3918 1694
268 3888 308 3919 c.
337 3871 382 3918 d.
