2548 4290
172 107 274 158 184
336 108 450 149 Pars
482 108 542 148 ΙΙ.
599 106 755 149 Const.
792 106 847 148 de
880 107 1004 148 Eccl.
1070 105 1182 161 Cap.
1215 107 1274 148 11.
1332 106 1752 149 Commentationes
1788 105 1845 148 de
1878 107 2115 161 aliquibus
2147 107 2277 150 locis.

165 255 317 308 tione
360 253 791 320 infallibilitatis,
834 253 932 306 sed
962 253 1130 306 debet
1167 254 1311 306 inter
1353 253 1716 322 conditioneS,
1759 272 1901 326 quae
1943 261 2070 308 sunt
2111 255 2180 310 de
2220 256 2348 325 fide,
2387 258 2445 312 in

164 340 283 410 ipsa
322 339 644 393 definitione
687 339 836 408 poni.
891 338 1043 408 Ergo
1086 339 1223 392 haec
1266 338 1509 391 conditio
1554 338 1754 392 dicitur
1797 357 1917 393 esse
1953 340 2021 394 de
2060 340 2188 406 fide,
2230 347 2285 395 et
2314 360 2445 413 quo-

164 425 327 478 modo
383 425 485 478 hoc
541 424 851 496 probatur?
930 424 1022 477 An
1080 425 1397 478 continetur
1451 425 1508 477 in
1565 426 1930 496 promissione
1988 424 2242 480 Christi?
2308 427 2446 483 Mihi

165 509 411 574 videtur,
470 510 617 581 quod
668 510 724 562 in
777 510 872 562 illa
925 528 1035 564 non
1077 510 1425 564 solummodo
1476 528 1587 563 non
1629 512 2009 579 contineatur,
2063 512 2161 565 sed
2203 512 2351 583 quod
2389 514 2446 567 in

163 595 260 648 illa
308 596 645 648 contrarium
697 596 881 667 potius
933 597 1303 649 contineatur.
1382 594 1528 648 Nam
1581 596 1777 666 negari
1829 595 2052 667 quidem
2094 615 2206 650 non
2247 602 2446 667 potest,

165 680 312 750 quod
363 682 419 733 in
460 682 729 735 relatione
772 681 928 735 Petri
981 681 1050 734 ad
1093 680 1431 748 Ecclesiam,
1484 681 1571 733 cui
1613 680 1864 734 Christus
1915 682 2093 735 voluit
2143 682 2447 736 infallibili-

165 773 334 819 tatem
376 767 530 819 Petri
571 766 872 832 adnexam,
916 767 1269 820 contineatur
1310 767 1567 836 specialis
1609 767 1807 820 relatio
1850 767 2006 821 Petri
2047 767 2117 821 ad
2147 768 2448 838 Apostolos

162 857 217 904 et
257 852 492 922 proinde
537 853 705 906 etiam
735 852 805 904 ad
831 852 1157 924 Episcopos,
1200 870 1326 905 cum
1356 852 1608 906 Christus
1649 853 1720 905 ad
1748 853 1980 907 Petrum
2023 853 2296 907 dixerit1:
2338 853 2448 925 Εφ)

160 940 342 1008 roqavi
372 956 473 1008 pro
512 944 569 1007 te,
610 944 667 991 ut
701 956 806 991 non
833 938 1042 1008 deficiat
1078 938 1210 1006 fides
1236 943 1343 1005 tua,
1383 944 1427 991 et
1464 943 1521 991 tu
1558 938 1847 1010 aliquando
1874 956 2148 993 conversus
2185 939 2449 1008 confirma

149 1022 361 1091 fratres
400 1031 528 1077 tuo-3.
610 1024 770 1078 Haec
813 1030 896 1077 est
936 1042 1069 1094 ergo
1111 1024 1307 1077 relatio
1351 1024 1639 1077 Pontificis
1681 1024 1752 1077 ad
1792 1024 2126 1096 EpiscopOS,
2183 1043 2325 1096 quae
2367 1025 2448 1078 in-

162 1115 245 1162 est
285 1109 639 1180 promissioni
671 1109 906 1176 Christi;
951 1128 1022 1162 ex
1066 1110 1148 1163 his
1190 1127 1323 1163 vero
1366 1109 1551 1162 verbis
1582 1108 1789 1162 Christi
1830 1111 2162 1163 necessitate
2193 1115 2447 1181 cogente,

160 1200 221 1246 ut
262 1195 397 1247 mihi
426 1195 665 1262 videtur,
709 1195 878 1249 debet
915 1180 1194 1263 concludi,
1240 1195 1387 1267 quod
1430 1195 1630 1249 fratres
1673 1195 1914 1267 quidem,
1956 1196 2012 1249 id
2047 1201 2129 1249 est
2169 1195 2450 1268 Episcopi,

160 1285 221 1332 ut
261 1281 370 1333 sint
411 1281 552 1333 firmi
594 1281 650 1333 in
691 1281 830 1349 fide,
884 1281 1178 1352 indigeant
1228 1281 1439 1335 auxilio
1494 1288 1549 1334 et
1604 1282 1833 1335 consilio
1876 1282 2029 1335 Petri
2082 1288 2137 1335 et
2178 1298 2451 1336 successo·-

161 1383 281 1417 rum
325 1366 470 1433 eius,
514 1385 625 1420 non
667 1372 854 1420 autem
895 1367 1201 1420 viceversa.
1279 1367 1445 1420 Unde
1487 1367 1564 1434 fit,
1607 1367 1755 1438 quod
1797 1368 1960 1420 huius
2002 1367 2311 1421 sententiae
2352 1384 2444 1438 pa·

160 1453 306 1504 troni
359 1470 471 1505 non
525 1459 637 1506 tam
691 1459 999 1524 provocent
1049 1453 1120 1506 ad
1173 1454 1296 1506 loca
1350 1453 1553 1507 Sacrae
1596 1453 1916 1525 Scripturae
1972 1472 2137 1525 quam
2189 1453 2259 1507 ad
2300 1458 2447 1507 certa

162 1537 434 1607 quaedam
475 1540 792 1607 axiomata,
848 1557 990 1610 quae
1041 1539 1175 1611 ipsis
1216 1557 1441 1610 prorsus
1482 1539 1873 1594 concludentia
1914 1539 2189 1593 videntur.
2269 1539 2448 1601 Quae-

163 1640 291 1676 nam
333 1629 462 1677 sunt
504 1625 641 1678 haec
683 1626 1006 1678 axiomata?

313 1710 599 1776 „Primum
640 1712 890 1764 axioma:
933 1710 1188 1765 Membra
1231 1710 1439 1764 debent
1481 1729 1600 1764 esse
1639 1711 1935 1765 coniuncta
1977 1711 2146 1782 capiti
2188 1716 2244 1764 et
2285 1716 2451 1782 caput

161 1794 443 1849 membris,
523 1795 612 1848 Ex
668 1797 771 1850 hoc
814 1797 1095 1849 axiomate
1151 1796 1434 1850 deducunt
1474 1797 1866 1850 necessitatem
1907 1815 2007 1868 pro
2051 1797 2236 1867 Papa,
2294 1801 2355 1849 ut
2394 1795 2451 1848 in

161 1884 491 1938 definiendis
543 1885 676 1939 fidei
728 1886 1083 1957 dogmatibus
1124 1886 1263 1939 nihil
1305 1891 1436 1957 agat
1475 1886 1594 1939 sine
1646 1885 1877 1939 consilio
1935 1890 1990 1939 et
2033 1902 2302 1938 concursu
2344 1883 2453 1937 fra-

163 1981 304 2024 trum
347 1990 590 2025 suorum.
646 1972 969 2044 Antequam
1011 1973 1082 2026 ad
1123 1973 1267 2026 hanc
1296 1973 1668 2026 obiectionem
1706 1971 2093 2043 respondeam,
2135 1969 2451 2025 meminisse

161 2057 332 2125 iuvat,
376 2058 468 2128 agi
509 2059 597 2112 hic
641 2059 696 2111 in
739 2059 1017 2112 sententia
1045 2060 1493 2113 adversariorum
1535 2059 1603 2112 de
1645 2058 1836 2112 stricta
1876 2063 1933 2111 et
1970 2057 2225 2111 absoluta
2264 2073 2454 2110 neces-

159 2143 321 2196 sitate
352 2144 567 2196 consilii
596 2150 651 2197 et
676 2145 873 2197 auxilii
903 2144 1309 2216 Episcoporum
1336 2146 1391 2198 in
1419 2145 1614 2216 quovis
1656 2143 1939 2197 infallibili
1979 2143 2183 2196 iudicio
2228 2141 2454 2213 dogma-

160 2229 268 2282 tico
311 2229 552 2283 Romani
594 2230 910 2299 Pontifieis,
972 2233 1049 2284 ita
1103 2236 1165 2284 ut
1216 2232 1270 2284 in
1313 2231 1434 2303 ipsa
1477 2230 1802 2285 definitione
1842 2236 2064 2284 nostrae
2107 2228 2453 2300 dogmaticae

160 2314 584 2368 Constitutionis
636 2334 796 2368 suum
845 2315 1031 2370 locum
1073 2334 1346 2387 occupare
1394 2316 1613 2370 debeat.
1693 2316 1758 2368 In
1812 2316 1913 2368 hac
1966 2315 2155 2367 stricta
2197 2319 2253 2367 et
2292 2312 2451 2367 abso-

158 2399 276 2453 luta
316 2401 645 2454 necessitate
689 2403 940 2455 consistit
979 2407 1098 2456 tota
1140 2401 1488 2469 differentia,
1549 2419 1691 2473 quae
1733 2402 1877 2454 inter
1918 2418 2016 2453 nos
2058 2404 2341 2468 versatur,
2399 2406 2454 2452 et

162 2504 272 2538 non
315 2487 370 2538 in
414 2487 830 2558 opportunitate
872 2494 969 2540 aut
1010 2488 1197 2559 aliqua
1237 2488 1471 2541 relativa
1513 2488 1862 2553 necessitate,
1909 2503 2051 2557 quae
2093 2485 2297 2539 iudicio
2341 2484 2450 2538 Ro-

162 2573 310 2624 mani
352 2572 640 2625 Pontificis
694 2592 875 2627 rerum
932 2574 1376 2627 circumstantias
1429 2572 1791 2644 ponderantis
1846 2589 2070 2643 prorsus
2116 2570 2451 2625 remittenda

160 2663 258 2711 est.
328 2658 485 2711 Haec
527 2658 761 2729 proinde
804 2660 860 2712 in
903 2660 1228 2713 definitione
1272 2659 1694 2713 Constitutionis
1737 2658 2087 2730 dogmaticae
2129 2658 2314 2712 locum
2355 2657 2449 2711 ha-

161 2743 293 2796 bere
337 2761 448 2796 non
490 2751 691 2814 potest.

315 2830 452 2896 „His
494 2832 810 2902 praemissis
868 2832 937 2885 ad
992 2833 1215 2886 axioma
1270 2831 1339 2886 de
1394 2833 1573 2903 capite
1627 2838 1681 2885 et
1734 2830 1996 2885 membris
2038 2849 2126 2885 me
2167 2833 2450 2896 convertO,

162 2921 216 2969 et
258 2916 600 2985 respondeo:
657 2916 848 2971 Oratio
892 2918 1189 2988 figurativa
1230 2937 1340 2971 non
1383 2923 1466 2971 est
1506 2917 1984 2988 argumentativa,
2026 2935 2140 2984 sen,
2183 2915 2264 2968 uti
2305 2931 2449 2968 com-

163 3002 405 3055 muniter
449 3002 677 3071 dicitur,
724 3004 902 3057 omnis
943 3004 1249 3057 similitudo
1291 3004 1584 3058 claudicat.
1664 3004 1737 3057 Et
1778 3002 1928 3073 quod
1969 3004 2105 3056 haec
2147 2999 2449 3055 similitudo

160 3087 237 3140 sic
278 3088 560 3158 applicata
599 3107 797 3142 revera
839 3089 1132 3158 claudicet,
1174 3091 1429 3161 sequenti
1470 3089 1686 3143 ratione
1728 3089 1945 3142 ostendi
1986 3092 2184 3160 potest.
2249 3086 2450 3139 Nonne

161 3173 327 3226 etiam
370 3174 528 3241 laici,
586 3175 731 3228 inter
774 3194 909 3246 quos
950 3182 1079 3229 sunt
1120 3176 1380 3247 plurimi,
1440 3175 1533 3247 qui
1575 3181 1631 3228 et
1672 3175 1904 3229 scientia
1945 3181 2000 3227 et
2040 3174 2248 3244 pietate
2291 3189 2451 3244 prae-

160 3265 335 3327 stant,
395 3265 450 3313 et
507 3261 680 3314 multo
724 3262 900 3332 magis
953 3262 1301 3327 sacerdotes,
1356 3262 1450 3333 qui
1501 3279 1733 3314 munere
1791 3260 2027 3314 docendi
2087 3258 2451 3330 parochianos

162 3344 490 3415 funguntur,
533 3348 819 3418 pertinent
860 3347 931 3400 ad
972 3347 1223 3402 membra
1249 3347 1577 3401 Ecclesiae?
1636 3345 1771 3407 Quis
1809 3345 2065 3399 dubitat?
2121 3345 2286 3397 Anne
2316 3359 2449 3413 ergo

167 3432 336 3484 etiam
378 3432 468 3485 isti
509 3433 739 3486 consilio
783 3438 839 3486 et
878 3433 1090 3486 auxilio
1133 3451 1231 3486 suo
1274 3432 1483 3486 debent
1522 3433 1714 3484 iuvare
1743 3431 1956 3501 Papam
1996 3431 2053 3483 in
2093 3428 2341 3483 ferendis
2368 3429 2449 3480 iu-

163 3516 319 3569 diciis
362 3517 731 3588 dogmaticis?
799 3518 1188 3590 Nequaquam.
1269 3518 1340 3571 Et
1382 3518 1518 3571 cur?
1577 3517 1806 3586 Nonne,
1847 3517 1976 3587 quia
2016 3534 2127 3569 non
2168 3515 2451 3586 pertinent

162 3601 232 3653 ad
273 3601 585 3655 Ecclesiam
628 3602 966 3657 docentem?
1033 3604 1223 3671 Bene,
1277 3603 1375 3656 sed
1416 3602 1579 3656 simul
1621 3607 1791 3673 patet,
1844 3601 1993 3672 quod
2034 3599 2337 3654 similitudo
2380 3598 2448 3652 de
2511 3657 2517 3666 ,

164 3687 424 3740 membris
477 3695 532 3741 et
574 3690 756 3761 capite
799 3689 1088 3742 claudicet.
1168 3689 1280 3742 Sed
1337 3689 1446 3742 iam
1505 3688 1821 3760 quaeritur,
1878 3692 2064 3739 utrum
2116 3704 2226 3739 non
2282 3685 2448 3738 etiam

162 3771 457 3842 Episcopi,
518 3776 769 3844 quamvis
825 3776 934 3829 sint
989 3775 1273 3829 constituti
1315 3793 1345 3827 a
1385 3774 1509 3828 Deo
1563 3778 1765 3840 testeS,
1823 3772 2076 3827 doctores
2130 3777 2185 3825 et
2238 3770 2448 3824 iudices

323 3953 336 3979 ¹
376 3953 502 4001 Luc.
543 3956 620 4015 22,
661 3956 740 4003 32.
