2548 4290
27 117 72 195 ἐξ
472 126 715 168 Comment.
748 128 825 168 VI.
880 129 949 169 De
980 130 1122 170 inciso
1157 132 1316 170 canoni
1348 134 1509 184 capitis
1541 134 1661 172 tertii
1693 133 1860 173 addito.
2164 134 2260 184 161

0 336 2 339 Ι
45 266 219 338 ,tertio
257 270 626 322 insererentur
665 270 799 321 haee
838 270 1031 322 verba:
1083 277 1173 322 aut
1220 289 1333 322 eum
1371 272 1548 323 habere
1586 279 1784 324 tantum
1827 274 2047 340 potiores
2075 278 2266 340 partae,

41 354 162 407 n'on
198 370 308 404 vero
332 357 484 403 totam
517 353 886 421 plenitudinem
911 353 1067 405 huius
1090 371 1355 422 supremae
1371 357 1642 422 potestati&
1696 356 2004 424 Antequam
2033 355 2266 406 rationes

53 434 352 500 enuntiem,
393 452 531 504 quae
570 435 845 487 obstaculo
876 435 1112 500 fuerunt,
1153 454 1219 487 ne
1261 442 1582 504 rogarentur
1621 437 1895 505 suffragia,
1936 437 2173 489 breviter
2212 444 2266 490 et

35 519 239 573 *stricte
280 518 476 583 dicam,
530 518 659 587 quid
698 518 1005 586 significent
1044 519 1135 569 illa
1174 519 1365 584 verba,
1417 537 1554 588 quae
1606 521 1731 571 addi
1771 522 1988 572 nomine
2041 520 2265 589 deputa-

59 600 214 655 tionis
253 601 649 671 proponebam;
692 601 890 653 deinde
930 620 1057 652 num
1099 607 1418 671 conceptum
1459 620 1646 654 verum
1688 622 1793 654 non
1837 604 2035 668 solum,
2078 604 2172 656 sed
2212 611 2266 657 et

43 684 216 756 ,plane
245 684 311 735 de
338 684 444 736 fide
472 683 738 735 catholiea
765 685 1058 736 tenendum
1087 686 1425 749 contineant3
1456 703 1524 736 an
1553 691 1844 754 conceptus
1871 687 1986 755 ipse
2024 687 2182 753 plene
2211 689 2265 738 in

60 766 581 835 Congregationibus
605 767 950 835 generalibus
978 767 1142 818 fuerit
1164 767 1458 832 discussus3
1491 768 1706 819 demum
1730 786 1858 819 num
1877 770 2031 820 iuxta
2052 771 2261 839 praxim

59 851 211 902 huius
238 849 465 902 Concilii
495 849 745 901 Vaticani
783 850 1079 919 deputatio,
1122 852 1398 902 occasione
1439 860 1653 920 arrepta
1681 852 1746 903 ab
1777 852 2262 916 emendationibus,

56 935 170 986 iure
210 951 305 985 suo
346 951 442 985 usa
482 933 645 985 fuerit
683 933 1038 1003 proponendo
1067 934 1289 985 Patrum
1330 934 1598 1003 suffragiis
1637 935 1784 985 illam
1824 936 2189 987 insertionem.

201 1017 303 1083 „Et
342 1017 514 1086 primo
555 1017 773 1085 quidem
813 1017 1035 1068 evidens
1077 1023 1172 1083 est,
1214 1035 1309 1085 per
1336 1017 1644 1086 supradicta
1670 1018 1838 1070 verba
1865 1036 2103 1071 errorem
2144 1019 2263 1071 illo-

54 1117 169 1153 rum
220 1099 489 1165 damnari,
549 1100 639 1169 qui
693 1118 997 1169 supremam
1047 1105 1371 1169 potestatem
1413 1100 1618 1152 Summi
1658 1101 1937 1152 Pontificis
1988 1120 2095 1154 non
2148 1120 2262 1154 esse

46 1183 269 1254 *plenam
309 1185 363 1234 in
404 1201 564 1235 sensu
603 1184 821 1252 proprio
862 1190 1123 1246 asserunt,
1166 1201 1227 1234 ac
1269 1184 1495 1251 proinde
1535 1184 1875 1235 involventes
1916 1185 2106 1236 falsam
2146 1204 2261 1237 sen-

55 1266 274 1318 tentiam
314 1265 493 1318 verbis
535 1265 802 1333 ambiguis
843 1265 1070 1317 eludunt
1109 1267 1235 1316 satis
1264 1267 1606 1335 perspicuam
1637 1266 2005 1318 definitionem
2034 1266 2261 1319 Concilii

51 1348 367 1412 Florentini,
408 1349 631 1414 aientes,
673 1366 789 1400 esse
818 1348 1032 1417 quidem
1063 1349 1117 1399 in
1146 1349 1409 1400 Pontifice
1438 1350 1657 1400 Summo
1687 1350 2081 1417 plenitudinem
2111 1351 2263 1402 iuris-

53 1431 314 1496 dictioniS,
354 1431 449 1483 sed
490 1449 597 1483 non
639 1437 832 1495 totam,
876 1433 1000 1499 quia
1041 1431 1300 1483 Pontifex
1343 1432 1506 1483 habet
1547 1432 1762 1499 quidem
1804 1433 2042 1500 potiores
2083 1439 2262 1501 partes

49 1515 445 1579 iurisdictioniS,
487 1521 541 1567 at
580 1533 688 1567 non
729 1533 930 1567 omnes
996 1514 1153 1580 Quid,
1196 1533 1412 1584 quaerO,
1455 1516 1554 1567 hoe
1596 1522 1691 1579 est,
1734 1534 1895 1584 quam
1938 1533 2126 1583 reapse
2168 1536 2259 1569 ne-

50 1615 177 1668 gare
217 1598 610 1668 plenitudinem
652 1598 1036 1650 iurisdictionis
1078 1598 1282 1650 Summi
1325 1599 1602 1650 Pontifieis
1644 1599 1917 1650 definitam
1959 1617 1989 1649 a
2019 1599 2259 1652 Concilio

48 1681 401 1734 Florentino?
466 1682 609 1741 Quid
665 1683 808 1733 enim
859 1682 959 1733 sibi
1014 1683 1129 1732 vult
1179 1682 1311 1734 haec
1364 1682 1662 1747 distinctio,
1720 1684 1869 1751 quasi
1925 1700 2039 1734 esse
2080 1692 2262 1752 posset

48 1765 341 1835 plenitudo,
384 1783 519 1834 quae
560 1769 670 1817 non
708 1767 774 1817 sit
814 1774 958 1833 tota,
999 1765 1143 1834 quod
1185 1765 1386 1817 directe
1429 1767 1721 1835 opponitur
1763 1767 2046 1831 conceptui
2094 1767 2259 1834 pleni-

45 1848 283 1900 tudinis?
331 1848 623 1900 Plenitudo
665 1850 807 1900 enim
837 1849 1195 1901 essentialiter
1236 1849 1520 1916 signifieat,
1563 1849 1880 1917 qualitatem
1922 1850 2097 1900 inesse
2139 1851 2259 1901 sub-

44 1931 177 1984 iecto
218 1933 272 1983 in
312 1937 424 1984 toto
465 1951 560 1984 suo
601 1933 832 1997 ambitu,
875 1933 1016 2002 quod
1059 1939 1303 2001 negatur,
1347 1932 1562 2001 quando
1606 1933 1815 1997 dieitur,
1859 1932 2256 1999 plenitudinem

46 2032 152 2067 non
192 2033 307 2068 esse
347 2020 531 2080 totam,
574 2023 666 2068 aut
705 2018 941 2086 potiores
970 2022 1178 2067 tantum
1210 2017 1323 2067 eius
1364 2022 1544 2083 partes
1585 2033 1700 2068 esse
1727 2017 1780 2066 in
1810 2016 2070 2068 subiecto
2123 2017 2251 2069 Pro-

46 2100 217 2170 posita
255 2100 420 2169 igitur
459 2100 663 2152 additio
703 2102 755 2151 in
797 2100 851 2151 id
893 2119 1059 2151 unum
1099 2100 1432 2161 intendebat,
1475 2105 1533 2150 ut
1573 2105 1919 2164 assereretur,
1963 2101 2254 2169 plenitudi-

46 2200 167 2235 nem
206 2183 588 2235 iurisdictionis
628 2184 802 2235 inesse
842 2183 1061 2235 Summo
1092 2182 1340 2233 Pontifici
1382 2183 1435 2233 in
1476 2201 1569 2233 suo
1612 2200 1740 2233 vero
1782 2200 1957 2246 sensu,
1999 2200 2119 2233 cum
2161 2201 2255 2235 ex-

46 2265 281 2317 clusione
321 2284 507 2318 sensus
547 2285 653 2317 non
695 2267 867 2318 solum
909 2266 1057 2331 falsi,
1099 2266 1192 2316 scd
1233 2267 1286 2316 in
1327 2283 1382 2316 se
1424 2266 1538 2334 ipso
1580 2266 1906 2317 involventis
1949 2272 2254 2335 conceptus,

46 2350 135 2417 qui
172 2367 229 2401 se
271 2355 457 2401 mutuo
498 2350 796 2401 destruunt.

191 2433 279 2498 „Si
319 2434 483 2501 igitur
522 2434 623 2484 hoc
652 2433 952 2485 Concilium
994 2434 1098 2483 iam
1129 2433 1410 2485 definierat
1451 2433 1502 2482 in
1544 2434 1717 2500 capite
1749 2433 1922 2496 tertio,
1959 2439 2254 2501 praeeunte

46 2514 285 2567 Concilio
325 2516 670 2580 Florentino,
723 2517 1147 2568 iurisdictionem
1190 2517 1394 2568 Summi
1436 2516 1712 2567 Pontificis
1753 2533 1867 2567 csse
1909 2516 2152 2583 plenam,
2193 2535 2254 2568 ac

44 2599 270 2667 proinde
311 2600 515 2650 nullam
555 2600 763 2667 concipi
805 2618 961 2669 posse
991 2606 1199 2668 partem
1243 2600 1641 2651 ecclesiasticae
1670 2598 2070 2662 iurisdictioniS,
2115 2617 2252 2665 quae

43 2698 149 2732 non
204 2682 758 2750 comprehenderetur
814 2684 867 2733 in
921 2683 1033 2733 eius
1085 2700 1337 2751 suprema
1386 2687 1682 2750 potestate,
1745 2682 1785 2732 si
1841 2682 1942 2732 hoc
1983 2682 2156 2749 ipsum
2198 2682 2251 2732 in

42 2766 214 2834 prima
253 2772 407 2835 parte
449 2766 667 2818 canonis
702 2766 844 2817 tertii
875 2766 1265 2831 declarabatur,
1308 2783 1642 2833 consequens
1672 2772 1801 2828 erat,
1844 2782 1999 2833 posse
2040 2765 2251 2833 aequali

40 2864 256 2917 prorsus
297 2849 453 2900 modo
496 2849 705 2900 admitti
746 2850 991 2912 incisum,
1034 2849 1177 2917 quod
1216 2848 1639 2899 substantialiter
1678 2847 1811 2898 nihil
1852 2847 2082 2915 amplius
2125 2847 2252 2898 dicit

42 2935 93 2983 et
141 2937 348 2984 tantum
403 2933 561 2984 modo
611 2933 932 2984 evidentiori
987 2937 1040 2983 et
1092 2933 1277 2983 maiori
1332 2933 1382 2982 vi
1434 2931 1679 2983 excludit
1719 2931 1880 2981 falsas
1931 2932 2250 2999 interpreta-

40 3014 211 3067 tiones
250 3021 435 3067 textus
475 3021 589 3067 tum
632 3015 860 3067 Concilii
899 3016 1201 3066 Florentini
1242 3021 1353 3065 tum
1397 3016 1561 3082 ipsius
1603 3014 1872 3064 Vaticani.

187 3099 461 3164 „Parcite,
513 3099 630 3150 Effii
672 3116 732 3150 ac
774 3099 892 3149 Rffii
936 3099 1152 3154 Patres,
1206 3099 1246 3148 si
1300 3116 1420 3148 cum
1473 3098 1537 3148 de
1590 3096 1927 3166 plenitudine
1970 3098 2250 3164 potestatis

42 3180 245 3233 Summi
285 3182 563 3234 Pontificis
604 3182 904 3250 loquimur,
955 3199 1039 3232 me
1083 3181 1334 3232 cohibere
1387 3199 1491 3231 non
1549 3198 1795 3248 possum,
1853 3179 1978 3247 quin
2031 3180 2247 3231 recitem

8 3264 204 3316 ·verba
243 3282 271 3316 e
312 3265 512 3316 celebri
552 3265 611 3315 de
648 3266 837 3316 unitate
879 3265 1118 3315 Ecclesiae
1157 3281 1403 3315 sermone
1433 3263 1703 3314 Bossuetii
1746 3262 2017 3329 decerpta,
2064 3262 2247 3313 habito

38 3346 92 3397 in
134 3354 401 3399 conventu
444 3347 725 3398 Gallicano
768 3348 893 3398 anni
938 3348 1089 3397 1682.
1167 3346 1248 3396 En
1291 3347 1488 3397 verba:
1545 3346 1626 3410 ,In
1667 3350 1960 3414 potestate,
2017 3362 2154 3412 quae
2194 3345 2247 3395 in

38 3429 219 3498 plures
260 3430 533 3494 dividitur,
575 3431 794 3497 partitio
837 3448 986 3481 suam
1027 3446 1206 3480 secum
1247 3430 1363 3497 ipsa
1391 3428 1785 3479 restrictionem
1812 3427 1982 3477 affert.
2048 3425 2247 3478 Contra

38 3527 165 3564 vero
204 3520 458 3581 potestaS,
500 3531 637 3581 quae
677 3515 770 3564 uni
812 3513 967 3564 datur
1008 3518 1059 3562 ct
1099 3530 1260 3580 super
1302 3529 1486 3563 omnes
1526 3517 1579 3562 et
1617 3512 1732 3561 sine
1772 3510 1884 3561 ulla
1923 3512 2247 3578 exceptione

40 3593 221 3659 datur,
275 3596 438 3647 infert
477 3596 897 3665 plenitudinem,
953 3600 1005 3646 et
1044 3595 1182 3645 sieut
1222 3595 1394 3645 omnis
1435 3593 1643 3660 (notate
1684 3593 1872 3654 verba)
1926 3598 2006 3643 est
2045 3610 2245 3661 expers

39 3678 359 3745 partitioniS,
401 3698 508 3730 non
550 3680 683 3730 alios
723 3678 887 3730 habet
926 3678 1141 3742 limites,
1184 3695 1344 3745 quam
1385 3695 1516 3745 quos
1557 3676 1747 3744 regula
1787 3675 2147 3743 praeseribit.‘

186 3762 300 3826 „De
341 3762 678 3829 plenitudine
718 3763 998 3829 potestatis
1039 3760 1421 3813 iurisdictionis
1462 3762 1514 3810 in
1555 3760 1848 3819 Pontitiee,
1904 3759 1959 3809 in
1999 3763 2109 3810 toto
2150 3781 2244 3812 suo

41 3844 242 3895 ambitu
282 3845 640 3913 acceptanda,
688 3845 822 3895 nulli
862 3843 1175 3912 ambigendi
1212 3844 1378 3911 igitur
1418 3845 1592 3905 locus;
1647 3858 1745 3893 nee
1793 3841 1890 3892 ulli
1930 3844 2242 3911 scrupulum

128 3935 454 3972 (iranderath‚
486 3937 644 3967 constit.
668 3936 835 3975 dogmat.
1845 3933 1896 3971 ll
