2548 4290
230 88 299 139 80
444 91 557 132 Pars
589 89 627 132 Ι.
684 88 839 132 Const.
875 88 930 129 de
961 87 1063 129 fide.
1129 86 1242 142 Cap.
1274 87 1358 129 111.
1405 87 1515 142 Ipsa
1548 86 1743 129 Constit.
1778 99 1882 129 cum
1914 86 2308 129 adnotationibus.

380 233 479 301 (3.)
533 232 693 286 Haec
745 250 911 303 porro
968 233 1407 304 supernaturalis
1460 232 1758 302 revelatio,
1816 232 2122 286 secundum
2177 233 2508 287 universalis

229 315 518 371 Ecclesiae
559 316 755 384 fidem,
810 335 842 370 a
882 323 1075 371 sancta
1117 317 1451 371 Tridentina
1492 315 1718 389 Synodo
1772 317 2139 385 declaratam,
2192 317 2509 370 continetur

227 401 283 454 in
323 401 479 454 libris
519 402 733 471 scriptis
775 408 831 455 et
872 403 990 456 sine
1030 404 1235 474 scripto
1276 402 1703 470 traditionibus,
1758 420 1899 474 quae
1953 402 2126 474 ipsius
2167 401 2372 456 Christi
2413 420 2508 457 ore

229 485 296 539 ab
338 487 624 557 Apostolis
665 492 956 559 acceptae,
1013 494 1108 542 aut
1149 488 1219 542 ab
1260 488 1394 558 ipsis
1436 487 1722 559 Apostolis
1764 488 1975 560 Spiritu
2017 487 2222 541 Sancto
2263 487 2508 542 dictante

228 573 383 642 quasi
423 590 524 643 per
566 591 759 626 manus
800 574 1066 639 traditae,
1111 574 1182 627 ad
1222 592 1321 627 nos
1362 592 1537 645 usque
1579 581 1962 645 pervenerunt
1985 574 2053 641 a),
2133 573 2242 636 Qui
2282 574 2507 644 quidem

228 657 432 710 veteris
483 663 539 711 et
588 659 717 711 novi
760 658 1105 712 Testamenti
1156 658 1284 711 libri
1333 659 1539 728 integri
1592 676 1717 713 cum
1768 659 2023 713 omnibus
2076 659 2187 712 suis
2238 658 2507 729 partibus,

227 748 394 813 prout
443 743 499 795 in
552 744 799 797 eiusdem
845 744 1079 798 Concilii
1122 744 1345 799 decreto
1399 749 1794 814 recensentur,
1851 750 1906 799 et
1956 745 2013 798 in
2063 745 2243 798 veteri
2281 744 2510 815 vulgata

226 828 400 881 latina
453 828 736 883 editione¹
777 830 1080 895 habentur,
1133 849 1235 902 pro
1289 831 1454 884 sacris
1507 836 1562 885 et
1603 829 1923 885 canonicis2
1975 830 2312 901 suscipiendi
2363 835 2507 885 sunt.

227 913 338 968 Eos
379 932 512 967 vero
552 914 805 968 Ecclesia
846 934 943 987 pro
985 917 1152 969 sacris
1195 922 1249 969 et
1291 917 1570 971 canonicis
1611 917 1810 984 habet,
1868 934 1980 970 non
2031 916 2157 971 ideo
2201 917 2351 988 quod
2392 917 2510 970 sola

376 1091 426 1151 a)
466 1092 621 1142 Cone.
662 1095 801 1144 Trid.
842 1112 965 1143 sess.
1006 1096 1097 1145 IV.
1136 1098 1290 1146 Decr.
1331 1098 1394 1146 de
1433 1096 1558 1147 Can.
1598 1098 1784 1160 Script.

228 1242 382 1290 tionis
421 1245 858 1306 supernaturalis,
899 1251 977 1293 est
1016 1246 1237 1294 elevatio
1276 1247 1534 1294 humanae
1570 1253 1791 1295 naturae
1829 1246 1893 1294 ad
1932 1245 2164 1293 ordinem
2204 1250 2511 1307 supernatu-

227 1320 415 1380 ralem,
465 1322 516 1368 in
557 1338 656 1384 quo
695 1323 830 1370 sicut
869 1323 1004 1371 dona
1042 1324 1463 1386 supernaturalia
1499 1324 1897 1386 impertiuntur,
1935 1324 2010 1371 ita
2047 1322 2294 1371 veritates
2332 1337 2509 1384 super-

226 1399 493 1447 naturales
551 1402 939 1463 supernaturali
998 1401 1150 1449 modo
1213 1402 1605 1464 cognoscendae
1666 1406 1802 1450 sunt.
1880 1400 2232 1463 Quaecunque
2290 1400 2508 1463 proinde

229 1482 551 1539 supponatur
588 1479 839 1527 naturalis
870 1479 1111 1542 perfer-tio
1135 1480 1375 1540 hominis,
1415 1486 1590 1528 manet
1617 1480 1795 1528 eadem
1822 1480 2106 1528 necessitas
2141 1478 2293 1526 huius
2331 1493 2511 1540 super-

227 1556 481 1604 naturalis
531 1558 863 1605 revelationis
917 1558 1088 1620 quoad
1142 1574 1202 1606 ea
1256 1559 1527 1621 dogmata,
1591 1574 1743 1621 ,quae
1793 1558 1871 1618 (ut
1921 1557 1969 1606 S.
2017 1558 2078 1606 D.
2126 1556 2189 1605 N.
2239 1556 2363 1604 Pius
2412 1556 2507 1605 IX.

228 1633 462 1695 loquitur
498 1634 550 1681 in
588 1635 777 1683 litteris
805 1634 1146 1684 Grai-issimus
1184 1638 1310 1684 inter
1350 1639 1424 1684 11.
1457 1637 1580 1685 Dec.
1613 1637 1759 1695 1862)
1799 1635 2249 1699 supernaturalem
2286 1633 2509 1682 hominis

228 1711 571 1760 elevationem
609 1729 668 1761 ac
707 1715 1105 1776 supernaturale
1144 1715 1253 1762 eius
1291 1731 1408 1762 cum
1445 1715 1555 1763 Deo
1595 1715 1960 1764 commercium
1997 1713 2308 1777 respiciunt,
2351 1716 2509 1775 atque

227 1790 292 1838 ad
328 1791 464 1838 hunc
507 1791 659 1839 finem
707 1793 939 1840 revelata
988 1792 1309 1841 noscuntur‘.
1382 1793 1519 1854 Ergo
1557 1793 1890 1855 hypothesiS,
1943 1794 2039 1842 sub
2078 1808 2180 1855 qua
2213 1789 2509 1839 necessaria

229 1868 326 1915 dici
375 1868 564 1918 debeat
611 1870 889 1930 revelatio,
938 1886 1040 1918 non
1091 1876 1169 1919 est
1208 1873 1402 1919 abusus
1452 1871 1810 1919 tantummodo
1859 1870 2046 1917 virium
2086 1869 2405 1926 naturalium
2443 1883 2510 1917 ex

226 1951 374 2009 parte
411 1948 631 1995 hominis
672 1952 722 1995 et
761 1949 1026 2011 corruptio
1065 1950 1322 1996 humanae
1359 1949 1605 2009 rationis3
1645 1948 1799 1996 simili
1835 1948 1944 1996 fere
1981 1948 2160 2009 modO,
2200 1963 2301 2011 quo
2338 1946 2510 2009 gratia

225 2025 431 2073 interna
467 2042 571 2073 non
609 2027 774 2074 solum
815 2031 1029 2090 propter
1067 2028 1455 2090 corruptionem
1491 2031 1729 2088 naturae,
1769 2026 1859 2075 sed
1894 2029 2109 2089 propter
2143 2026 2309 2089 ipsam
2345 2024 2513 2073 eleva·

227 2103 418 2152 tionem
458 2104 522 2151 ad
561 2104 792 2152 ordinem
833 2105 1285 2165 supernaturalem
1325 2104 1529 2168 (quavis
1578 2105 1846 2167 supposita
1892 2104 2213 2168 perfectione
2260 2102 2509 2152 naturali)

227 2182 521 2230 necessaria
559 2182 698 2231 credi
737 2183 907 2230 debet.
980 2183 1250 2246 Expositio
1289 2183 1443 2231 huius
1481 2183 1748 2231 doctrinae
1785 2183 2008 2230 maxime
2045 2182 2159 2229 ideo
2196 2181 2369 2243 gravis
2405 2195 2511 2228 mo-

230 2259 387 2307 menti
426 2263 504 2307 est
543 2274 635 2322 pro
674 2260 868 2308 nostris
907 2262 1247 2323 temporibus,
1286 2260 1408 2323 quia
1434 2260 1486 2307 in
1524 2276 1701 2309 errore
1740 2260 1980 2322 opposito
2019 2259 2316 2308 continetur
2352 2273 2509 2306 ununi

229 2352 293 2385 ex
329 2338 613 2401 principiis,
655 2339 842 2401 quibus
880 2339 1116 2387 doctrina
1154 2339 1410 2387 catholica
1447 2339 1508 2387 de
1548 2338 1728 2386 ordine
1761 2337 2150 2401 supernaturali
2188 2338 2512 2387 subvertitur

227 2415 308 2463 vel
345 2416 397 2463 in
435 2416 720 2478 periculum
757 2421 990 2464 vocatur.
2154 2405 2156 2407 ⁵

381 2498 700 2560 „Propterea
735 2498 785 2545 in
824 2499 1087 2546 schemate
1115 2498 1312 2547 decreti
1340 2498 1636 2546 excluditur
1661 2498 1744 2546 hic
1770 2514 1930 2561 error,
1972 2513 2072 2561 quo
2111 2497 2302 2546 dicitur
2337 2510 2513 2545 neces·-

229 2575 365 2623 saria
401 2576 651 2624 revelatio
691 2577 1051 2624 tantummodo
1099 2577 1227 2631 velut
1261 2576 1533 2623 subsidium
1570 2577 1638 2623 acl
1671 2575 1888 2636 facilius
1925 2582 1967 2624 et
2003 2575 2334 2624 universalius
2382 2591 2501 2624 asse·

227 2654 421 2715 quenda
458 2670 529 2714 ea,
566 2669 689 2715 quae
726 2656 776 2701 in
813 2654 1213 2715 manifestatione
1251 2655 1478 2701 naturali
1513 2656 1613 2701 iam
1640 2654 2003 2701 continerentur
2040 2659 2082 2701 et
2118 2669 2176 2700 ex
2212 2670 2267 2701 ea
2304 2655 2515 2719 intelli-qa¹

224 2739 432 2792 possent.
504 2732 813 2781 Affirmatur
851 2737 1025 2781 autem
1073 2732 1358 2780 necessitas
1397 2732 1692 2780 omnimoda
1728 2738 1943 2795 propter
1989 2732 2155 2794 ipsam
2196 2732 2504 2781 elevationem

228 2812 295 2857 cul
330 2812 760 2874 supernaturalem
799 2812 1048 2870 ordinem,
1097 2817 1138 2858 et
1176 2812 1226 2858 in
1261 2810 1346 2858 hoe
1384 2811 1556 2858 ordine
1603 2810 1672 2858 ad
1715 2810 2178 2873 supernatmalium
2223 2825 2393 2859 rerum
2429 2827 2505 2860 co-

226 2891 491 2950 ¹unitionem
524 2906 616 2953 per
650 2890 821 2951 fidem.
895 2889 1038 2937 Sicut
1077 2889 1263 2937 deinde
1301 2905 1499 2937 summa
1549 2889 1738 2937 erroris
1775 2889 1947 2952 posita
1999 2892 2078 2937 est
2113 2888 2166 2936 in
2203 2888 2507 2939 confusione

226 2969 523 3029 veritatum,
564 2983 697 3031 quae
735 2984 799 3016 ex
838 2967 1223 3030 supernaturali
1261 2967 1580 3016 revelatione
1608 2967 1968 3015 tantummodo
1996 2966 2239 3029 cognosci
2274 2972 2508 3029 possunt,

230 3063 343 3094 cum
395 3048 732 3107 veritatibuS,
786 3062 919 3110 quae
966 3047 1017 3093 in
1069 3046 1298 3093 naturali
1347 3047 1501 3093 etiam
1555 3045 1977 3094 manifestatione
2028 3045 2386 3093 continentur:
2437 3046 2510 3095 ita

230 3127 392 3174 errori
426 3126 707 3189 opponitur
732 3125 925 3174 veritas
951 3125 1221 3185 catholica,
1262 3125 1401 3188 quod
1425 3125 1837 3186 supernaturalia
1875 3125 2063 3171 dantur
2099 3125 2348 3187 eloquiam,
2386 3140 2510 3187 quae

229 3206 280 3251 in
317 3205 547 3253 naturali
580 3204 677 3252 Dei
711 3203 1111 3265 manifestatione
1147 3219 1243 3251 non
1282 3203 1602 3251 continentur.

383 3283 547 3338 „Tota
582 3283 709 3330 haec
749 3283 1034 3331 catholicae
1062 3282 1330 3330 doctrinae
1359 3282 1613 3345 expositio
1642 3285 1720 3330 est
1747 3283 1928 3329 contra
1965 3280 2130 3341 ipsam
2168 3281 2395 3328 radicem
2433 3296 2510 3329 er-

228 3362 360 3410 roris
408 3362 462 3409 in
511 3361 710 3423 Syllaho
759 3361 925 3409 notati
978 3361 1071 3407 sub
1121 3377 1171 3408 n.
1210 3360 1373 3408 VIII:
1424 3359 1613 3420 ,Quum
1661 3360 1794 3407 ratio
1843 3358 2072 3405 humana
2123 3358 2220 3421 ipsi
2268 3359 2510 3421 religioni

230 3439 628 3503 aequiparetur,
666 3440 859 3487 idcirco
898 3438 1223 3501 theologicae
1262 3438 1564 3501 disciplinae
1602 3437 1814 3500 perinde
1850 3453 1910 3484 ac
1945 3436 2338 3499 philosophicae
2376 3441 2511 3485 trac-

229 3517 418 3566 tandae
455 3514 644 3566 sunt.“‘

381 3599 396 3626 ¹
434 3599 552 3647 Non
589 3598 926 3661 intelligenda
964 3601 1042 3646 est
1079 3598 1188 3646 sola
1214 3597 1496 3646 Clementis
1522 3598 1672 3645 VIII.
1713 3596 1886 3656 editio,
1926 3596 2014 3644 sed
2050 3595 2362 3659 intelligitur
2397 3595 2508 3643 vul-

227 3681 378 3739 gata,
426 3682 485 3726 ut
532 3679 584 3725 in
623 3677 927 3725 Tridentino
978 3681 1099 3725 ante
1147 3676 1414 3739 vulgatam
1463 3692 1493 3723 a
1531 3675 1796 3724 Clemente
1832 3673 1978 3736 Papa
2025 3674 2215 3722 editam
2252 3674 2508 3737 intellige-

228 3755 397 3803 batur.
468 3755 530 3803 V.
571 3771 727 3818 supra
764 3770 875 3818 cap.
913 3754 983 3801 II.
1025 3758 1297 3802 comment.
1336 3753 1437 3801 III.
1475 3770 1522 3815 p.
1562 3754 1641 3801 47.

381 3840 396 3866 ²
436 3840 599 3896 Quale
635 3840 927 3888 intercedat
964 3839 1239 3887 discrimen
1266 3839 1401 3886 inter
1434 3838 1625 3888 librum
1660 3837 1970 3901 inspiratum
2010 3842 2060 3886 et
2097 3837 2420 3898 canonicum,
2457 3852 2503 3885 v.

231 3934 389 3981 supra
428 3933 535 3980 cap.
574 3917 644 3965 II.
685 3920 957 3965 comment.
996 3916 1094 3964 III.
1132 3933 1179 3979 p.
1218 3917 1276 3964 51
1319 3932 1428 3979 sqq.
