2548 4290
976 179 1087 219 Eius
1118 181 1413 232 prooemium.
2239 178 2304 228 73

236 324 442 386 Quibus
482 322 727 376 omnibus
767 321 1092 390 perspectiS,
1133 321 1249 373 fieri
1292 321 1383 390 qui
1423 325 1628 390 potest,
1684 326 1743 373 ut
1781 340 1890 374 non
1930 339 2305 374 commovean-

92 415 179 463 tur
215 408 405 459 intima
442 406 720 459 Ecclesiae
759 405 1006 456 viscera?
1074 403 1541 464 Quemadmodum
1583 404 1726 455 enim
1764 404 1915 457 Deus
1964 405 2083 456 vult
2123 421 2307 456 omnes

92 491 335 545 homines
374 490 550 542 salvos
588 488 721 553 fieri,
764 491 818 538 et
857 486 926 538 ad
953 487 1288 555 agnitionem
1317 487 1561 538 veritatis
1590 487 1805 552 venire3
1849 487 2306 556 quemadmodum

95 573 337 628 Christus
375 571 551 637 venit,
598 574 659 622 ut
709 569 918 621 salvum
957 569 1189 635 faceret,
1243 569 1388 638 quod
1428 570 1695 638 perierat,
1748 574 1802 621 et
1849 570 1986 622 filios
2028 570 2160 636 Dei,
2217 570 2309 639 qui

95 660 247 710 erant
285 654 539 724 dispersi,
581 657 940 721 congregaret
978 653 1034 704 in
1072 670 1269 704 unum:
1320 653 1395 703 ita
1435 652 1711 718 Ecclesia,
1753 670 1785 705 a
1822 653 1942 705 Deo
1984 654 2309 722 populorum

93 743 264 791 mater
303 742 357 789 et
395 737 655 804 magistra
694 736 1012 801 constituta,
1063 736 1312 787 omnibus
1353 735 1672 787 debitricem
1712 753 1768 788 se
1810 737 1988 801 novit,
2030 754 2091 787 ac
2130 737 2309 806 lapsos

95 822 331 890 erigere,
370 819 615 871 labantes
654 819 948 884 sustinere,
991 822 1330 870 revertentes
1371 820 1644 888 amplecti,
1686 819 2005 871 confirmare
2046 819 2215 871 bonos
2257 825 2311 871 et

93 904 162 957 ad
200 904 424 956 meliora
462 903 764 971 provehere
805 906 994 971 parata
1032 919 1246 970 semper
1285 906 1340 953 et
1379 903 1590 954 intenta
1631 907 1727 954 est.
1781 902 2128 972 Quapropter
2159 903 2309 955 nullo

92 992 337 1057 tempore
386 1004 418 1038 a
456 985 562 1037 Dei
601 985 859 1050 veritate,
915 1002 1052 1053 quae
1106 989 1261 1036 sanat
1302 986 1509 1049 omnia,
1563 985 1814 1037 testanda
1852 990 1906 1037 et
1943 985 2312 1054 praedicanda

94 1072 368 1142 quiescere
418 1074 625 1140 potest,
679 1069 781 1121 sibi
822 1069 1022 1120 dictum
1066 1087 1182 1121 esse
1223 1087 1331 1121 non
1382 1070 1665 1139 ignorans:
1719 1069 1949 1138 Spiritus
1989 1088 2168 1137 meus,
2220 1071 2312 1139 qui

96 1159 176 1209 est
213 1154 269 1206 in
307 1159 379 1218 te,
421 1158 475 1205 et
514 1152 682 1205 verba
721 1170 860 1218 mea,
903 1170 1041 1221 quae
1083 1152 1239 1222 posui
1277 1153 1332 1203 in
1374 1170 1465 1205 ore
1505 1158 1616 1218 tuo,
1663 1172 1771 1205 non
1810 1153 2069 1206 recedent
2110 1153 2176 1205 de
2219 1170 2310 1206 ore

95 1243 186 1291 tuo
226 1237 417 1290 amodo
460 1242 513 1289 et
552 1254 721 1304 usque
761 1236 816 1287 in
856 1237 1246 1305 sempiternum
1272 1237 1337 1301 a).

238 1320 350 1373 Nos
389 1321 588 1389 itaque,
629 1319 977 1371 inhaerentes
1016 1319 1507 1372 Praedecessorum
1547 1319 1871 1371 Nostrorum
1911 1321 2171 1389 vestigiiS,
2214 1337 2311 1388 pro

97 1421 346 1474 supremo
393 1404 592 1456 Nostro
634 1403 953 1472 Apostolico
1005 1419 1229 1454 munere
1281 1403 1568 1454 veritatem
1623 1404 1946 1454 catholicam
1999 1403 2194 1455 docere
2250 1419 2312 1454 ac

97 1488 254 1554 tueri,
295 1504 685 1557 perversasque
727 1486 999 1538 doctrinas
1043 1486 1336 1556 reprobare
1376 1504 1654 1556 nunquam
1694 1487 2099 1539 intermisimus.
2152 1486 2312 1538 Nunc

98 1576 280 1624 autem
319 1571 634 1623 sedentibus
673 1569 969 1622 Nobiscum
1011 1575 1064 1622 et
1103 1570 1467 1622 iudicantibus
1491 1569 1507 1601 1
1547 1571 1787 1623 universi
1828 1571 1971 1623 orbis
2011 1570 2314 1640 EpiscopiS,

245 1864 259 1890 ¹
296 1864 356 1910 In
393 1862 705 1910 discussione
743 1860 946 1922 speciali
982 1860 1225 1921 prooemii
1252 1876 1381 1906 unus
1408 1860 1743 1920 desiderabat,
1782 1867 1838 1908 ut
1863 1863 2029 1909 verbis
2069 1863 2317 1922 „sedenti-

96 1941 189 1987 bus
217 1936 651 1987 etiudicantibus“
682 1938 956 1985 adderetur
985 1942 1064 1994 „et
1090 1934 1495 1983 definientibus“.
1544 1937 1625 1994 (V.
1646 1938 1855 1985 Emend.
1884 1942 1979 1986 etc.
2016 1938 2069 1985 C.
2090 1939 2150 1986 V.
2171 1941 2232 1985 90
2248 1937 2315 1995 d.)

98 2016 320 2078 Exponit
356 2015 591 2076 Archiep.
620 2013 797 2073 Simor,
836 2013 1177 2074 deputationis
1203 2012 1408 2071 relator,
1448 2029 1535 2058 eur
1562 2013 1825 2074 deputatio
1851 2015 1979 2060 hanc
2005 2014 2316 2061 additionem

98 2091 451 2139 commendare
485 2094 721 2150 nequeat.
774 2086 1084 2149 „Iudicare“,
1121 2089 1302 2149 inquit,
1344 2093 1510 2148 „certe
1540 2089 1692 2135 latius
1729 2093 1871 2150 patet
1909 2105 2058 2150 quam
2086 2090 2317 2149 definire3

98 2168 179 2215 hic
213 2182 304 2214 nos
339 2181 441 2213 non
477 2169 674 2213 tantum
712 2165 992 2224 definimus,
1032 2165 1118 2211 sed
1154 2164 1451 2211 iudicamus.
1524 2164 1784 2219 Quomodo
1820 2166 2137 2213 iudicamus?
2187 2165 2317 2221 Quid

98 2243 193 2291 hoc
240 2242 488 2303 significat
524 2242 814 2301 ,Nobiscum
863 2241 1155 2288 sedentibus
1205 2244 1254 2287 et
1300 2240 1702 2288 iudicantibus‘?
1764 2242 1842 2287 Ad
1892 2243 2009 2301 quid
2047 2242 2126 2289 hic
2165 2242 2318 2300 depu-

97 2320 223 2367 tatio
266 2318 527 2379 respexit‘?
576 2317 656 2365 Ad
703 2318 859 2364 verba
894 2317 1050 2378 ipsius
1097 2315 1286 2363 Christi
1334 2317 1535 2362 Domini
1584 2317 1796 2363 dicentis
1846 2317 2046 2375 (Matth.
2088 2320 2171 2378 19,
2209 2318 2317 2377 28):

101 2395 219 2444 Cum
252 2396 426 2442 sederit
460 2394 509 2440 F
508 2396 619 2441 ilius
654 2395 859 2441 hominis
893 2395 943 2439 in
978 2393 1085 2439 sede
1119 2395 1386 2440 maiestatis
1420 2409 1549 2452 suae,
1586 2394 1804 2441 sedebitis
1829 2401 1870 2440 et
1894 2410 1976 2441 2³03
2009 2411 2155 2456 super
2188 2397 2319 2443 sedes

97 2472 358 2531 duodecim,
384 2471 649 2518 indicantes
666 2471 911 2517 duodecim
929 2469 1083 2516 trihus
1099 2467 1269 2515 Israel.
1306 2469 1419 2516 Huc
1438 2470 1663 2531 respexit
1682 2471 1958 2532 deputatiO,
1986 2487 2096 2517 cum
2120 2472 2321 2533 scripsit

100 2548 391 2607 ,Nobiscum
429 2547 739 2605 sedentibus,
776 2546 1053 2592 Nobiscum
1089 2543 1468 2593 iudicantibus‘.
1538 2546 1676 2593 Sicut
1725 2563 1835 2593 cum
1875 2547 2002 2593 Filio
2041 2548 2133 2594 Dei
2182 2549 2320 2595 sede-

97 2624 225 2670 bunt
260 2622 493 2684 Apostoli
530 2627 579 2669 et
615 2622 929 2681 iudicabunt,
971 2622 1043 2668 ita
1078 2622 1157 2668 hic
1194 2636 1287 2667 nos
1325 2622 1557 2668 sedemus
1595 2627 1644 2669 et
1680 2623 1961 2669 iudicamus
2000 2639 2110 2669 cum
2150 2623 2320 2671 Eccle-

99 2700 203 2747 siae
240 2699 417 2760 capite,
457 2714 569 2745 cum
605 2698 830 2744 Romano
867 2698 1139 2756 Pontifice,
1178 2698 1259 2744 cui
1296 2698 1389 2743 1100
1427 2699 1538 2745 1000
1576 2699 1714 2745 aliud
1749 2699 1828 2745 ius
1863 2714 1963 2745 non
2001 2700 2316 2753 attribuitur,

97 2776 194 2822 nisi
229 2776 308 2822 ius
346 2774 581 2821 sessionis
617 2774 896 2831 nobiscum,
934 2775 1011 2820 ius
1047 2773 1220 2820 iudicii
1255 2775 1532 2821 nobiscum.

233 2851 378 2911 „Ipse
414 2850 559 2897 Sffius
594 2850 838 2896 Dominus
873 2850 1089 2909 Noster,
1138 2851 1494 2910 recordemini,
1543 2850 1655 2897 Rffii
1693 2851 1896 2910 PatreS,
1946 2852 1995 2898 in
2034 2867 2125 2898 sua
2161 2852 2320 2913 prima

98 2927 433 2985 allocutione,
474 2941 621 2986 quam
658 2925 722 2971 ad
757 2940 849 2972 nos
884 2926 1088 2984 habuit,
1126 2926 1220 2972 hoc
1257 2927 1398 2973 dicit:
1450 2927 1574 2973 haec
1608 2931 1725 2972 sunt
1773 2927 1929 2988 ipsius
1964 2929 2145 2974 verba:
2199 2927 2320 2987 ‚Vos

100 3006 270 3050 autem
303 3017 465 3061 nunc,
502 3001 832 3048 Venerabiles
869 3001 1090 3059 Fratres,
1128 3003 1176 3048 in
1214 3003 1416 3049 nomine
1454 3002 1643 3049 Christi
1682 3003 1975 3063 congregati
2011 3004 2226 3062 adestis,
2264 3008 2321 3050 ut

100 3077 377 3125 Nobiscum
414 3077 757 3124 testimonium
794 3077 1104 3138 perhibeatis
1140 3078 1311 3124 Verbo
1349 3078 1443 3124 Dei
1481 3082 1528 3124 et
1577 3078 1920 3125 testimonium
1958 3078 2074 3125 Iesu
2113 3077 2319 3138 Christi,

101 3157 335 3217 viamque
370 3156 465 3203 Dei
510 3156 560 3201 in
606 3155 823 3202 veritate
870 3170 1042 3201 omnes
1090 3155 1318 3202 homines
1355 3156 1631 3203 Nobiscum
1670 3156 1922 3215 doceatis,
1977 3159 2027 3202 et
2072 3156 2133 3201 de
2171 3170 2323 3215 oppo-

103 3233 368 3279 sitionibus
404 3232 520 3278 falsi
555 3231 771 3278 nominis
824 3231 1064 3277 scientiae
1100 3230 1377 3278 Nobiscum
1415 3231 1605 3292 Spiritu
1643 3231 1827 3278 Sancto
1879 3231 2005 3278 duce
2052 3229 2322 3277 iudicetis.‘

103 3304 170 3351 Et
204 3308 448 3363 provocat
484 3304 544 3350 ad
582 3304 744 3350 Actus
790 3303 1134 3363 apostolorum
1173 3319 1280 3364 cap.
1323 3305 1407 3362 15,
1461 3308 1510 3349 et
1549 3304 1747 3364 quidem
1786 3307 2030 3364 provocat
2065 3302 2128 3349 ad
2166 3304 2322 3350 verba

106 3395 143 3428 s.
180 3380 355 3428 Iacobi
378 3379 627 3441 Apostoli,
666 3379 750 3441 qui
787 3379 837 3425 in
875 3377 1100 3425 Concilio
1134 3379 1600 3439 Hierosolymitano
1638 3379 1792 3426 dixit:
1834 3379 1932 3438 Essa
1969 3384 2125 3425 autem
2161 3379 2320 3425 iudico

104 3470 196 3504 non
233 3457 497 3516 inquietari
529 3471 619 3515 eos,
656 3457 739 3516 qui
773 3470 829 3501 ex
852 3454 1067 3514 qentibus
1103 3461 1441 3501 convertmztm·
1473 3457 1540 3502 ad
1566 3455 1746 3502 Deum:
1782 3471 1902 3516 ergo
1927 3457 2135 3502 verbum
2164 3455 2322 3501 iudico

105 3531 321 3578 sumitur
365 3531 446 3577 hic
481 3531 532 3577 in
567 3546 686 3577 vero
735 3530 906 3577 iudicii
942 3545 1107 3576 sensu.
1178 3530 1273 3576 Hic
1308 3544 1400 3576 nos
1436 3546 1536 3576 non
1574 3531 1847 3577 consiliarii
1896 3534 2093 3576 tantum
2132 3544 2320 3587 sumus,

108 3610 158 3654 et
194 3607 394 3667 quidem
431 3606 582 3653 etiam
617 3621 681 3653 ex
714 3605 978 3652 voluntate
1004 3605 1192 3652 Summi
1216 3605 1493 3665 Pontificis,
1530 3606 1616 3652 sed
1644 3606 1749 3651 veri
1785 3605 2002 3651 iudices:
2040 3604 2120 3651 hic
2146 3620 2321 3651 verum

107 3685 275 3728 actum
327 3681 499 3727 iudicii
550 3696 860 3728 exercemus.
939 3680 1080 3727 Haec
1130 3681 1284 3727 verba
1335 3681 1514 3727 deinde
1573 3681 1806 3727 adhibuit
1858 3680 2118 3741 deputatio
2172 3679 2322 3726 etiam

109 3760 377 3816 propterea
426 3756 558 3816 quod
603 3757 829 3817 respexit
875 3756 939 3802 ad
976 3754 1259 3802 Cardinalis
1297 3756 1589 3802 Bellarmini
1639 3756 1698 3802 de
1746 3756 1838 3801 hac
1885 3770 1939 3801 re
1987 3755 2047 3801 de
2084 3754 2323 3801 Conciliis

109 3845 261 3891 opus,
310 3831 395 3892 qui
432 3846 668 3892 expresse
704 3832 852 3890 dicit,
903 3830 1182 3878 Concilium
1237 3832 1615 3878 oecumenicum
1652 3832 2017 3892 Episcoporum
2064 3846 2164 3877 non
2214 3846 2322 3877 0880

110 3920 407 3954 consensum
448 3905 497 3965 [l.
523 3906 832 3966 consessum]
870 3911 1066 3955 tantum
1094 3908 1510 3967 consiliariorum,
1551 3908 1638 3954 sed
1669 3923 1778 3954 0880
1805 3922 2103 3954 00118οη811111
2134 3906 2181 3965 [l.
2209 3922 2324 3953 con-
