2548 4290
367 200 556 243 Schema¹
586 201 826 253 pristinum
859 199 913 240 de
945 199 1083 240 doctr.
1117 199 1233 239 cath.
1291 200 1575 252 Disceptatio
1610 200 1656 238 in
1689 197 1850 251 Congr.
1884 210 1982 250 gen.
2219 195 2282 245 13

66 346 337 399 communi
386 345 549 397 totius
588 343 808 395 humani
847 343 1064 412 generis
1115 343 1323 411 origine
1364 342 1431 394 ab
1472 360 1579 394 uno
1619 341 1822 406 Adam3
1878 345 1930 393 et
1984 340 2049 391 de
2091 345 2284 391 natura

65 429 300 480 humana
338 445 447 479 una
475 427 771 496 composita
799 443 868 477 ex
898 426 1077 477 anima
1104 425 1355 477 rationali
1395 429 1448 476 et
1475 443 1545 477 ex
1574 441 1816 492 corpore.
1870 426 1950 476 16.
1979 422 2064 475 De
2094 422 2283 474 ordine

64 510 462 580 supernaturali
503 514 557 561 et
597 509 663 561 de
704 509 1100 577 supernaturali
1142 513 1283 560 statu
1311 508 1588 576 originalis
1616 508 1866 558 iustitiae.
1936 508 2017 557 17.
2046 507 2130 558 De
2160 521 2283 575 pec-

64 597 182 644 cato
225 591 500 661 originali;
543 598 596 643 et
636 591 701 642 de
742 608 919 660 poena
960 595 1183 643 aeterna
1225 590 1493 642 destinata
1535 589 1755 641 cuilibet
1796 590 2011 641 mortali
2040 593 2282 657 peccatO.

68 677 147 728 18.
200 675 283 727 De
335 675 733 745 supernaturali
786 675 975 727 ordine
1027 675 1264 743 gratiae,
1318 692 1454 743 quae
1507 673 1660 725 nobis
1711 691 1807 741 per
1860 673 2134 725 Christum
2174 672 2283 723 Re-

63 757 401 827 demptorem
442 757 691 810 donatur.

205 840 326 891 Hoc
353 841 571 893 schema
597 858 717 892 cum
743 842 1121 910 theologorum
1151 841 1588 893 adnotationibus
1616 841 1759 891 inter
1781 839 1973 890 Patres
1997 838 2045 891 d.
2075 840 2155 889 10.
2174 837 2281 890 De-

61 922 290 976 cembris
330 924 385 975 in
426 925 600 993 prima
641 924 1082 995 Congregatione
1134 924 1378 994 generali
1432 923 1780 975 distributum
1836 927 1916 974 est
1937 920 1971 987 1,
2026 929 2187 990 atque
2228 922 2277 972 in

61 1011 251 1075 quarta
292 1005 731 1076 Congregatione
774 1010 824 1061 d.
866 1010 951 1060 28.
991 1008 1313 1061 Decembris
1352 1008 1556 1077 incepit
1597 1008 1711 1058 eius
1753 1006 2011 1057 discussio
2033 1003 2069 1057 2.
2128 1004 2280 1056 Post-

59 1105 219 1157 quam
259 1089 314 1140 in
354 1090 455 1142 hac
497 1096 550 1143 et
589 1092 942 1160 sequentibus
972 1093 1209 1161 quinque
1240 1090 1769 1160 Congregationibus
1812 1089 1877 1140 de
1920 1107 1982 1141 eo
2014 1088 2281 1157 discepta-

55 1177 170 1223 tum
226 1178 306 1225 est
357 1204 425 1209 —
480 1175 751 1227 orationes
807 1174 872 1227 de
929 1193 991 1228 eo
1047 1175 1323 1227 habebant
1377 1175 1570 1226 Patres
1625 1174 1852 1242 triginta
1909 1172 2147 1241 quinque
2195 1202 2279 1236 —,

58 1255 106 1307 d.
165 1258 242 1308 10.
284 1256 524 1310 Ianuarii
570 1261 706 1311 1870
759 1261 978 1313 schema
1028 1278 1148 1312 cum
1204 1260 1428 1311 obiectis
1481 1258 1892 1311 difficultatibus
1944 1256 2278 1325 deputationi

58 1337 122 1390 de
150 1339 254 1391 fide
283 1342 706 1394 examinandum
734 1349 895 1413 atque
916 1343 1321 1396 reformandum
1351 1343 1610 1395 traditum
1639 1347 1718 1394 est
1737 1340 1773 1394 3.
1815 1341 1928 1393 Vix
1958 1358 2064 1391 non
2095 1356 2279 1391 omnes

57 1422 249 1475 Patres
278 1422 730 1494 Congregationis
769 1428 1040 1496 generalis
1082 1429 1135 1478 in
1176 1445 1237 1479 eo
1268 1431 1652 1492 convenerant,
1694 1426 1910 1477 schema
1939 1423 2117 1493 quoad
2158 1422 2278 1473 sub-

56 1506 335 1573 stantiam,
391 1508 424 1558 i.
466 1526 512 1560 e.
556 1510 733 1578 quoad
780 1510 1080 1563 doctrinam
1131 1512 1186 1562 in
1240 1529 1303 1563 eo
1353 1515 1665 1562 contentam
1718 1514 1770 1561 et
1820 1508 1998 1577 quoad
2050 1524 2276 1572 erroreS,

57 1589 147 1657 qui
186 1590 241 1640 in
282 1608 345 1643 eo
387 1592 903 1660 condemnabantur,
944 1594 1289 1647 retinendum
1332 1611 1446 1646 esse
1464 1594 1500 1645 ⁴.
1576 1593 1829 1645 Formam
1872 1591 2028 1642 multi
2069 1595 2278 1641 mutan-

59 1671 181 1723 dam
223 1689 338 1726 esse
378 1676 688 1729 censebant.

206 1755 518 1827 Antequam
577 1760 1027 1830 Congregationis
1081 1762 1352 1830 generalis
1411 1760 1476 1812 de
1532 1760 1806 1811 schcmate
1863 1758 2280 1827 disceptationes

56 1836 241 1891 finitae
282 1848 458 1908 erant,
510 1843 788 1912 deputatio
832 1845 897 1897 de
938 1845 1043 1897 fide
1086 1845 1134 1896 d.
1181 1847 1224 1897 7.
1265 1844 1505 1896 Ianuarii
1548 1845 1600 1895 in
1643 1844 1833 1913 prima,
1875 1860 2036 1911 quam
2074 1840 2278 1904 habuit,

57 1922 312 1988 sessione,
355 1942 518 1993 quum
559 1928 665 1979 iam
706 1934 932 1997 pateret,
982 1929 1124 1998 quod
1165 1930 1390 1980 Patrum
1432 1929 1672 1979 futurum
1715 1933 1856 1979 esset
1897 1927 1961 1978 de
2004 1925 2278 1976 schemate

56 2003 332 2073 iudicium,
376 2009 442 2060 de
485 2027 547 2062 eo
590 2011 1035 2065 deliberationem
1078 2013 1283 2064 habuit.
1348 2013 1613 2082 Deputati
1654 2030 1761 2063 uno
1792 2028 2055 2063 consensu
2098 2025 2278 2060 cense-

57 2086 216 2155 bant,
268 2091 556 2145 schematis
607 2095 958 2147 substantiam
1011 2097 1349 2149 retinendam
1401 2114 1547 2159 esse,
1604 2114 1768 2164 quum
1820 2096 1873 2145 in
1926 2112 1989 2146 eo
2034 2092 2278 2144 doctrina

57 2171 320 2225 catholica
348 2193 476 2228 vere
505 2194 565 2228 00
597 2179 832 2245 genuine
861 2186 1002 2231 esset
1029 2181 1293 2248 exposita,
1322 2186 1375 2232 et
1405 2197 1630 2245 erroreS,
1660 2180 1746 2248 qui
1778 2180 1832 2229 in
1862 2196 1924 2230 eo
1955 2178 2274 2228 damnaren-

54 2257 156 2317 ssUP,
184 2273 290 2307 non
319 2258 492 2310 solum
521 2279 617 2330 per
637 2262 999 2329 Germaniam,
1030 2263 1122 2315 sed
1144 2265 1306 2315 etiam
1335 2282 1432 2333 per
1452 2264 1582 2314 alias
1610 2263 1860 2331 regiones
1880 2264 2271 2330 grassarentur.

56 2334 205 2396 Quae
246 2346 432 2393 contra
471 2343 605 2396 illud
644 2346 811 2398 allata
850 2353 1058 2413 essent,
1103 2365 1211 2399 non
1251 2348 1325 2398 ita
1365 2348 1549 2415 magni
1590 2364 1706 2398 esse
1749 2345 2026 2396 momenti.
2104 2343 2168 2393 ln
2211 2360 2273 2394 00

56 2419 215 2472 etiam
257 2440 440 2477 omnes
481 2430 917 2495 consentiebant,
971 2432 1237 2499 quaedam
1278 2431 1612 2493 adiicienda,
1668 2429 1934 2497 quaedam
1977 2426 2276 2479 omittenda

58 2519 192 2557 esse.
269 2506 350 2559 Ea
390 2512 655 2578 putabant
696 2515 869 2566 omitti
910 2515 1127 2580 debere,
1170 2516 1362 2585 quibus
1402 2515 1607 2567 liberae
1648 2515 1953 2566 scholarum
1995 2512 2277 2580 opiniones

55 2585 420 2644 laederentur.
498 2594 653 2648 Unus
694 2598 781 2649 vel
824 2598 927 2650 duo
966 2600 1274 2663 censebant,
1317 2600 1477 2651 etiam
1521 2617 1584 2652 ea
1623 2616 1739 2650 esse
1781 2598 2094 2662 omittenda,
2138 2611 2274 2664 quae

56 2687 87 2720 a
126 2672 397 2739 prioribus
435 2675 688 2732 Conciliis
728 2682 833 2733 iam
876 2682 1097 2734 definita
1138 2689 1191 2734 et
1230 2684 1433 2735 reiecta
1472 2690 1666 2739 essent.
1709 2688 1894 2734 contra
1936 2698 2067 2750 quos
2108 2680 2275 2731 anim-

55 2752 467 2826 advertebatur,
522 2780 730 2816 errores
770 2766 966 2817 iterum
1008 2768 1271 2818 excitatos
1312 2767 1507 2818 iterum
1554 2766 1887 2818 damnandos
1929 2783 2043 2817 esse
2085 2764 2176 2828 ita,
2217 2768 2276 2812 ut

56 2838 246 2905 prioris
287 2843 751 2899 condemnationis
792 2848 946 2900 fieret
988 2851 1204 2902 mentio.
1273 2850 1543 2902 Censebat
1583 2869 1737 2913 1111115,
1781 2868 1810 2901 0
1852 2847 2271 2900 condemnandis

56 2922 327 2975 erroribus
380 2926 760 2981 abstinendum
812 2937 866 2983 et
916 2933 1088 2984 solum
1141 2933 1439 2984 doctrinam
1492 2933 1838 2985 christianam
1891 2929 2271 3000 exponendam

56 3019 197 3071 esse,
250 3024 414 3075 quum
454 3010 508 3062 id
548 3030 644 3079 pro
686 3014 987 3066 christianis
1028 3016 1327 3082 sufficeret,
1370 3017 1436 3069 ab
1477 3018 1539 3068 iis
1596 3022 1809 3081 autem,
1862 3016 1951 3084 qui
1994 3014 2269 3066 christiani

56 3102 170 3138 esse
221 3090 458 3159 nollent,
513 3097 860 3149 anathemata
917 3117 1023 3150 non
1076 3106 1408 3152 curarentur.
1473 3100 1558 3151 Ne
1600 3102 1875 3169 antiquam
1919 3098 2138 3167 quidem
2170 3097 2270 3147 Ec-

58 3169 274 3224 clesiam
316 3181 628 3229 exterorum
671 3197 879 3233 errores
921 3183 1324 3235 condemnasse.
1391 3183 1596 3235 Verum
1638 3184 1691 3234 id
1726 3202 1832 3234 non
1861 3183 2090 3252 placuit:
2135 3198 2268 3244 esse,

57 3253 248 3321 quibus
287 3259 513 3311 multum
556 3264 763 3331 prosint
801 3265 1164 3318 anathemata.
1243 3268 1393 3319 Inter
1434 3268 1528 3319 hos
1569 3267 1760 3318 referri
1801 3266 2117 3335 praesertim
2160 3282 2269 3314 ma-

55 3336 275 3403 gistrOS,
317 3343 406 3410 qui
447 3361 686 3397 errorum
729 3348 1181 3401 condemnatione
1223 3368 1312 3402 005
1353 3351 1548 3402 clarius
1589 3355 1918 3417 cognoscant
1958 3355 2118 3417 atque
2159 3365 2268 3398 mo-

54 3426 299 3489 veantur,
340 3430 399 3476 ut
439 3433 492 3479 et
531 3428 633 3496 ipsi
674 3448 765 3482 eos
805 3432 1018 3501 fugiant
1058 3439 1110 3485 et
1150 3434 1216 3484 ab
1258 3435 1320 3485 iis
1347 3435 1624 3486 tradendis
1653 3434 1976 3485 abstineant.
2040 3431 2266 3483 Errores

55 3500 214 3554 latius
266 3523 380 3559 esse
432 3509 676 3578 diffusos,
734 3532 893 3583 quam
944 3521 1003 3566 ut
1054 3516 1238 3567 eorum
1291 3517 1565 3569 damnatio
1614 3517 1785 3568 omitti
1827 3516 2010 3585 possit.
2086 3514 2266 3566 Etiam

55 3585 346 3653 Apostolos
388 3596 441 3642 et
479 3599 665 3661 postea
706 3597 895 3650 Patres
937 3616 1144 3651 errores
1173 3601 1336 3651 etiam
1365 3601 1665 3669 gentilium,
1707 3600 2042 3663 iudaeorum,
2083 3599 2266 3650 moha-

201 3777 215 3803 ¹
251 3778 383 3826 Acta
421 3780 882 3844 Oongregationum
918 3802 1089 3847 gener.
1128 3787 1180 3836 O.
1218 3789 1279 3834 V.
1319 3790 1471 3837 7110.
1649 3789 1664 3815 ²
1703 3790 1824 3837 Ibid.
1864 3789 1918 3836 O.
1955 3789 2016 3836 V.
2056 3791 2206 3836 7141).

200 3852 215 3878 3
252 3854 378 3902 Ibid.
416 3855 470 3904 O.
505 3858 565 3907 V.
606 3862 757 3909 717d.

200 3927 219 3954 ⁴
254 3928 330 3977 Of.
367 3932 660 3981 relationem
699 3936 810 3983 Rffii
848 3937 1025 3998 Simor,
1063 3939 1443 4001 Archiepiscopi
1482 3940 1854 4001 Strigoniensis.
1893 3940 1945 3987 O.
1984 3941 2043 3987 V.
2082 3942 2142 3985 82
2158 3956 2200 3987 a.
