2548 4290
406 136 649 181 Comment.
681 138 717 178 1.
771 137 891 178 Num
922 138 1085 179 Petrus
1115 140 1388 192 principium
1421 141 1607 180 unitatis
1639 138 1884 179 Ecclesiae.
2150 138 2248 188 127

42 340 44 342 ,
182 283 284 336 Η13
322 281 658 352 respondet1
695 282 857 334 Rffius
892 281 1102 351 Leahy,
1144 280 1511 349 deputationis
1549 281 1776 334 relator:
1824 283 2044 349 „Patres
2085 280 2252 349 depu-

39 366 255 426 tationis
293 370 570 434 putarunt,
611 365 779 417 verba
806 363 1094 416 schematis
1134 380 1250 415 esse
1293 363 1511 415 omnino
1540 364 1827 416 retinenda
1855 370 1909 416 et
1936 363 2140 415 nullam
2182 380 2249 414 ex

42 451 120 503 his
158 448 329 500 tribus
369 447 840 500 emendationibus
891 465 1048 517 posse
1099 447 1329 499 admitti.
1409 446 1600 507 Quoad
1649 465 1837 499 vocem
1889 446 2251 517 ,principium‘

40 537 282 585 auctores
322 532 732 596 emendationis,
772 532 964 583 saltem
1003 548 1142 582 unus
1184 548 1254 582 ex
1290 530 1354 581 iis
1383 530 1529 595 dicit,
1571 531 1716 599 quod
1749 531 2074 600 principium
2103 535 2251 582 recte

33 615 144 669 dici
182 632 289 667 11011
328 616 496 684 possit
537 614 973 682 [fundamentum
1013 613 1234 665 unitatis
1271 613 1397 665 fidei
1435 620 1581 665 recte
1624 613 1728 664 dici
1768 631 1876 665 non
1917 611 2145 683 possitJ²
2186 613 2251 665 de

38 699 100 752 Β.
138 698 402 768 Apostolo
443 700 623 763 Petro,
665 705 717 750 et
758 698 900 767 quod
941 698 1044 750 hoc
1080 697 1181 749 rite
1222 696 1525 765 praedicari
1566 698 1735 766 possit
1775 697 1841 749 de
1882 697 1994 749 solo
2038 696 2251 749 Christo

38 781 288 835 Domino,
365 782 523 834 Certe
565 781 811 834 Christus
849 782 1116 833 Dominus
1167 786 1248 832 est
1288 781 1614 850 principium
1666 781 1982 850 primarium
2023 798 2131 832 non
2170 798 2253 833 so-

35 865 147 918 lum
185 865 421 931 unitatiS,
462 865 557 917 sed
598 866 759 917 etiam
802 865 1041 916 omnium
1067 863 1426 931 spiritualium
1456 863 1735 929 donorum,
1777 881 1915 933 quae
1951 863 2251 933 opitulante

36 947 239 1018 Spiritu
266 947 481 1013 SanctO,
523 953 781 1017 operante
816 948 1019 1017 Spiritu
1046 947 1243 998 Sancto
1285 947 1339 997 in
1380 947 1554 998 sinum
1583 946 1811 999 dilectae
1852 964 1981 998 suae
2023 964 2251 1016 sponsae

36 1030 312 1085 Ecclesiae
363 1032 595 1083 effundit
651 1037 705 1084 et
756 1049 969 1099 semper
1020 1034 1099 1082 est
1149 1029 1436 1082 effusurus.
1514 1030 1622 1082 Sed
1674 1030 1919 1082 Christus
1968 1035 2252 1098 praeterea

36 1114 214 1185 posuit
252 1114 307 1165 in
346 1115 463 1184 ipsa
489 1114 751 1180 Ecclesia,
792 1119 1079 1183 praeterea
1106 1113 1278 1164 voluit
1316 1114 1370 1163 in
1399 1114 1516 1182 ipsa
1544 1114 1926 1165 constitutione
1954 1113 2251 1179 Ecclesiae,

35 1196 360 1267 principium
401 1198 622 1249 unitatis
663 1197 1060 1262 secundarium,
1098 1197 1373 1247 vicarium.
1429 1195 1685 1256 Quamvis
1726 1197 1868 1248 enim
1910 1197 2062 1248 Iesus
2100 1195 2252 1248 Chri-

35 1284 148 1331 stus
186 1279 454 1332 Dominus
503 1287 686 1333 noster
739 1282 807 1332 sit
861 1297 1075 1348 semper
1114 1279 1457 1331 invisibiliter
1508 1297 1629 1331 cum
1669 1279 1942 1344 Ecclesia,
1998 1297 2115 1331 eam
2156 1296 2253 1349 per

35 1363 266 1431 gratiam
307 1364 539 1433 Spiritus
581 1364 764 1417 Sancti
816 1364 1041 1428 docens,
1098 1381 1319 1432 regenS,
1371 1363 1675 1426 vivificans,
1737 1381 1800 1415 ea
1852 1367 2030 1415 tamen
2074 1364 2254 1415 omnia

35 1445 163 1498 facit
189 1447 348 1499 modo
376 1448 782 1501 accommodato
823 1448 1068 1500 societati
1101 1453 1362 1498 externae
1405 1453 1457 1498 et
1495 1447 1710 1512 visibili,
1749 1447 1921 1516 qualis
1961 1452 2041 1498 est
2067 1447 2253 1499 Eccle-

36 1529 140 1595 sia,
190 1547 288 1599 per
328 1531 506 1583 media
555 1531 963 1584 accommodata
1003 1531 1127 1582 huic
1168 1535 1430 1581 externae
1471 1534 1523 1581 et
1563 1530 1760 1581 visibili
1800 1529 2104 1594 Ecclesiae,
2157 1530 2253 1582 sci-

36 1611 162 1664 licet
214 1632 311 1683 per
350 1614 594 1668 ordinem
636 1616 915 1667 hominum
971 1621 1260 1668 externum
1312 1620 1366 1666 et
1405 1614 1705 1682 visibilem,
1761 1632 1856 1682 per
1912 1614 2090 1666 media
2129 1615 2249 1666 visi-

38 1694 192 1761 bilia,
248 1715 345 1766 per
394 1704 730 1750 sacramenta
770 1698 1034 1763 visibilia,
1091 1715 1188 1767 per
1242 1697 1703 1767 praedicationem
1757 1697 1906 1749 verbi
1949 1702 2251 1759 externam,

36 1779 359 1846 audibilem,
412 1782 755 1835 sensibilem:
810 1782 1085 1851 quamvis,
1127 1781 1375 1850 inquam,
1418 1780 1663 1832 Christus
1705 1781 1972 1832 Dominus
2012 1782 2085 1832 ita
2127 1790 2252 1850 agat

35 1862 213 1930 quoad
268 1866 637 1916 oeconomiam
691 1865 855 1917 totius
894 1864 1199 1929 Ecclesiae,
1255 1864 1530 1930 similiter,
1585 1864 1745 1915 simili
1798 1864 1954 1915 modo
2009 1865 2252 1932 quamvis

33 1944 149 2014 ipse
199 1946 267 1998 sit
320 1953 508 2000 auctor
559 1955 612 2001 et
664 1948 884 2001 effector
934 1948 1156 2000 unitatis
1197 1947 1506 2013 Ecclesiae,
1562 1948 1877 2017 primarium
1928 1948 2251 2017 principium

33 2029 254 2082 unitatis
292 2030 600 2098 Ecclesiae,
656 2037 837 2085 tamen
878 2032 1057 2102 posuit
1096 2032 1148 2082 in
1190 2032 1306 2101 ipsa
1345 2032 1727 2083 constitutione
1768 2030 2046 2083 Ecclesiae
2098 2032 2250 2098 illud,

34 2112 178 2181 quod
218 2112 443 2165 dicimus
482 2114 805 2184 principium
845 2115 1091 2179 unitatis3
1145 2113 1305 2179 illud,
1347 2113 1490 2182 quod
1533 2113 1598 2165 de
1639 2131 1694 2165 se
1736 2119 1922 2182 aptum
1963 2119 2016 2165 et
2055 2114 2251 2167 efficax

35 2200 117 2248 est
156 2197 225 2248 ad
264 2198 690 2250 conservandam
730 2198 855 2251 fidei
896 2203 950 2250 et
990 2198 1382 2250 communionis
1421 2198 1685 2249 unitatem
1725 2197 1859 2263 heri,
1902 2197 2063 2249 hodie
2105 2203 2158 2251 et
2197 2200 2251 2250 in

34 2280 275 2346 saecula,
316 2281 468 2348 illud,
511 2282 654 2351 quod
695 2282 759 2334 de
801 2300 856 2334 se
898 2287 1081 2351 aptum
1112 2287 1166 2333 et
1206 2281 1403 2333 efficax
1433 2281 1609 2333 estad
1640 2281 2038 2333 conservandos
2068 2300 2251 2335 omnes

34 2362 222 2416 fideles
260 2364 327 2416 ab
356 2364 567 2418 haeresi
596 2371 650 2418 et
677 2366 989 2431 schismate,
1032 2366 1184 2431 illud,
1225 2366 1369 2434 quod
1411 2365 1476 2417 de
1518 2383 1573 2417 36
1615 2371 1801 2434 aptum
1842 2370 1895 2417 61
1935 2366 2131 2417 efficax
2173 2373 2251 2419 est

34 2446 104 2499 ad
144 2449 540 2501 conservandos
578 2450 633 2500 in
675 2450 1004 2518 professione
1047 2449 1288 2501 eiusdem
1329 2448 1453 2500 fidei
1495 2455 1547 2500 et
1588 2449 1707 2499 sinu
1736 2449 1973 2501 eiusdem
2017 2467 2251 2501 commu-

34 2530 209 2583 nionis
249 2549 435 2584 omnes
476 2551 687 2602 sparsos
729 2551 825 2602 per
875 2534 1183 2585 universam
1223 2538 1424 2584 terram
1477 2538 1530 2584 61
1570 2533 1624 2583 111
1666 2532 1911 2584 omnibus
1952 2533 2070 2584 aliis
2110 2534 2252 2586 inter

33 2631 91 2666 se
131 2614 401 2668 diversos:
462 2616 732 2683 Christus,
784 2618 1031 2686 inquam,
1088 2617 1264 2685 posuit
1302 2616 1437 2667 illud
1477 2617 1532 2667 in
1572 2617 1689 2686 ipsa
1729 2616 2112 2668 constitutione
2151 2617 2253 2668 Ec-

30 2698 243 2765 clesiae,
284 2704 337 2751 et
375 2700 538 2765 illud,
592 2700 736 2770 quod
775 2702 849 2752 ita
888 2701 1096 2770 posuit,
1137 2700 1272 2751 illud
1313 2706 1393 2752 est
1432 2701 1750 2764 auctoritaS,
1803 2701 2120 2766 31161011133,
2173 2702 2250 2752 111-

33 2798 221 2849 11113111,
272 2800 380 2834 11011
420 2783 591 2835 30111111
632 2784 948 2849 invisibilis,
987 2801 1094 2835 non
1135 2784 1307 2835 solum
1346 2783 1513 2852 ipsius
1556 2783 1783 2849 Christi,
1824 2783 1919 2835 sed
1960 2783 2251 2836 auctoritas

32 2865 274 2932 visibilis,
316 2867 619 2937 palpabilis,
660 2868 901 2920 residens
940 2870 994 2919 in
1022 2869 1140 2937 ipsa
1166 2884 1398 2937 persona
1425 2868 1575 2919 Petri
1603 2872 1657 2919 et
1683 2884 2053 2919 successorum
2082 2867 2248 2920 Petri.

183 2949 284 3014 „Et
323 2951 468 3018 quod
508 2950 642 3002 haec
681 2951 974 3003 auctoritas
1013 2951 1220 3003 Summi
1250 2950 1529 3002 Pontificis
1568 2968 1695 3002 vere
1737 2950 1842 3001 dici
1883 2950 2051 3019 possit
2090 2956 2143 3002 et
2184 2951 2251 3002 sit

33 3032 359 3102 principium
398 3035 635 3101 1111113113,
677 3041 827 3105 patet
867 3053 897 3087 a
936 3035 1103 3105 priori
1133 3052 1203 3086 ex
1244 3053 1325 3100 60,
1368 3035 1511 3103 quod
1552 3052 1737 3086 omnes
1778 3035 1903 3085 huic
1943 3035 2250 3086 auctoritati

31 3132 89 3167 se
128 3115 506 3170 submittentes
556 3119 610 3169 in
666 3117 855 3170 eadem
903 3118 1007 3169 fide
1059 3123 1113 3169 et
1163 3118 1219 3169 in
1271 3117 1462 3169 eadem
1514 3117 1892 3170 communione
1945 3118 2248 3170 necessario

33 3198 451 3268 coniunguntur.
510 3201 672 3253 Patet
713 3201 876 3253 6113111
918 3219 948 3252 3
976 3201 1279 3270 posteriori,
1321 3201 1448 3269 quia
1488 3200 1553 3253 de
1594 3200 1737 3252 facto
1781 3201 1968 3270 populi
2010 3201 2247 3252 omnium

3 3280 268 3333 'tribuum
307 3288 361 3334 et
387 3284 692 3352 linguarum
720 3284 775 3335 in
814 3301 979 3335 unum
1023 3284 1162 3335 ovile
1193 3283 1393 3335 Christi
1433 3284 1750 3352 congregati
1778 3289 1918 3349 sunt,
1959 3289 2248 3352 propterea

32 3365 176 3432 quod
215 3366 516 3419 Primatum
545 3368 752 3420 Summi
782 3367 1057 3420 Pontificis
1098 3368 1447 3435 agnoverint,
1489 3367 1616 3418 dum
1654 3385 1681 3418 e
1711 3384 1972 3418 converso
2012 3366 2079 3418 ab
2120 3367 2248 3435 ipsis

34 3447 376 3502 incunabulis
426 3451 703 3504 Ecclesiae
753 3468 925 3520 usque
976 3451 1046 3502 ad
1092 3456 1433 3520 praesentem
1483 3450 1626 3503 diem
1675 3451 1889 3502 sectarii
1939 3450 2246 3502 reiicientes

31 3532 229 3598 semel,
284 3538 338 3584 et
388 3534 513 3602 quia
562 3535 868 3587 reiecerunt
908 3534 1284 3586 auctoritatem
1326 3534 1532 3586 Summi
1571 3533 1876 3594 Pontifieis,
1929 3532 2052 3584 ideo
2103 3534 2246 3585 inter

32 3631 88 3665 se
127 3615 183 3666 in
232 3616 558 3685 multiplices
598 3618 850 3670 haereses
901 3622 955 3669 et
991 3617 1280 3668 schismata
1320 3617 1467 3668 scissi
1507 3621 1630 3667 sunt
1686 3623 1738 3667 et
1778 3616 1952 3667 adhuc
1993 3615 2245 3667 scindun-

173 3797 187 3823 ¹
224 3798 421 3845 Relatio
460 3802 554 3845 etc.
604 3797 658 3845 O.
684 3798 745 3845 V.
773 3799 906 3844 3060
944 3811 1052 3858 sqq.
1229 3796 1244 3823 ²
1286 3794 1425 3850 Quae
1461 3796 1605 3843 uncis
1642 3795 1954 3856 inclusimus,
1992 3797 2246 3845 habentur

30 3871 83 3919 in
119 3873 382 3934 relatione,
420 3874 507 3921 sed
546 3874 808 3921 contextui
845 3876 983 3920 certe
1019 3886 1118 3918 non
1157 3873 1278 3918 satis
1317 3871 1637 3919 conveniunt.
