2548 4290
194 84 296 135 174
383 85 496 126 Pars
529 84 589 125 11.
646 81 802 124 Const.
837 81 893 123 de
926 82 1052 123 Eccl.
1117 81 1229 136 Cap.
1264 82 1322 122 11.
1383 80 1800 124 Commentationes
1834 82 1890 124 de
1922 83 2159 137 aliquibus
2193 84 2322 126 locis.

2533 156 2546 163 a
2526 4 2548 129 3³⁸⁴&ss

188 232 519 285 Pontificum
560 233 617 282 in
669 229 780 282 suis
832 228 1057 300 synodis
1099 227 1421 281 definitione
1475 228 1775 296 firmatam,
1828 229 1971 283 sicut
2011 248 2112 284 nec
2152 230 2335 299 decet,
2386 232 2479 287 sic·
2540 227 2548 246 ²

190 334 292 371 nec
333 316 586 369 volumus
639 332 817 367 novae
873 313 1197 366 discussioni
1250 331 1313 367 ac
1356 313 1664 366 definitioni
1716 314 2034 381 subiacere,
2092 315 2270 386 ipsam
2311 318 2463 386 quasi
2539 304 2548 368 f

190 419 289 472 per
344 401 448 453 hoc
504 398 922 469 quomodolibet
978 403 1171 452 contra
1224 397 1306 451 fas
1362 404 1418 451 et
1469 399 1683 452 licitum
1737 399 1794 451 in
1847 399 2079 452 dubium
2135 401 2462 456 revocando.
2541 407 2548 412 ’

188 486 436 556 Ideoque
478 485 609 538 licet
649 485 705 537 in
733 484 987 556 praefata
1027 485 1302 554 scriptura
1332 481 1431 552 (sc.
1462 484 1518 537 in
1559 485 1794 556 epistola
1821 484 2205 555 Imperatoris)
2236 485 2303 539 de
2340 503 2464 541 con-
2539 481 2548 542 j

187 572 477 624 vocatione
531 569 765 623 Concilii
817 574 1107 641 ageretur3
1162 569 1294 622 licet
1347 574 1406 621 tu
1450 569 1809 640 (Imperator)
1861 589 1962 641 per
2012 576 2135 624 tuas
2188 570 2466 642 praefatas
2544 573 2548 594 ³

189 656 378 709 literas
421 655 732 709 Concilium
785 655 840 707 in
893 661 1042 708 terra
1094 659 1190 707 tua
1245 655 1538 707 convocari
1591 655 1850 724 petieris,
1906 655 2023 709 Nos
2074 662 2262 710 tamen
2315 656 2466 711 nullo

190 741 352 794 modo
395 741 772 812 proponimus,
817 740 1128 794 Concilium
1170 739 1241 792 ad
1285 739 1682 793 discussionem
1725 758 1822 793 seu
1865 740 2245 795 definitionem
2286 741 2468 796 huius-

192 826 342 879 modi
383 843 717 892 convocare,
777 843 884 878 non
927 824 1076 895 quod
1115 825 1441 895 cuiusquam
1484 824 1683 878 faciem
1725 843 2045 892 vereamur,
2104 826 2193 880 vel
2236 826 2467 880 eandem

190 917 599 965 sacrosanctam
629 911 938 964 Romanam
970 910 1276 963 Ecclesiam
1305 910 1647 963 Graecorum
1677 912 1929 983 superari
1958 912 2253 983 prudentia
2280 913 2469 966 timea·
2505 957 2512 966 .
2542 962 2546 967 .

192 1016 336 1064 mus3
395 997 492 1050 sed
534 998 663 1067 quia
705 1015 927 1067 prorsus
968 996 1232 1048 indecens
1274 996 1445 1063 foret,
1501 996 1611 1049 imo
1655 1014 1757 1049 nec
1797 996 1929 1050 licet
1968 1015 2071 1051 nec
2113 997 2373 1068 expedit,
2415 998 2470 1050 in
2546 1041 2548 1043 .

193 1083 424 1136 dubium
465 1083 715 1136 revocari
759 1082 1115 1152 praemissam
1159 1099 1323 1133 verae
1365 1081 1495 1134 fidei
1525 1083 1841 1152 puritatem,
1884 1087 1965 1136 tot
2005 1100 2192 1136 sacrae
2235 1083 2470 1153 paginae
2542 1070 2548 1099 ‘³

191 1168 645 1235 auctoritatibuS,
702 1172 784 1221 tot
838 1175 1152 1220 sanctorum
1205 1166 1521 1220 roboratam
1579 1168 1901 1238 sententiis,
1961 1173 2042 1222 tot
2093 1168 2470 1221 Romanorum
2542 1183 2548 1186 ’

193 1254 528 1307 Pontificum
585 1253 770 1306 stabili
827 1253 1148 1306 definitione
1190 1252 1490 1318 firmatam3
1547 1271 1645 1323 pro
1689 1254 1843 1306 cuius
1886 1253 2240 1321 defensione,
2296 1254 2340 1307 si
2381 1271 2472 1307 ne-

193 1358 346 1393 cesse
389 1339 549 1399 foret,
593 1339 773 1408 parati
815 1357 1059 1391 essemus
1100 1338 1284 1391 subire
1328 1339 1653 1409 martyrium
1694 1343 1748 1392 et
1790 1340 1952 1392 morti
1995 1341 2161 1393 etiam
2191 1356 2507 1410 exponere„

195 1445 398 1497 corpus
440 1424 767 1479 nostrun1.‘1
847 1425 933 1477 lta
975 1424 1254 1478 Clemens,
1333 1425 1531 1495 Itaque
1575 1426 1774 1477 mirum
1816 1444 1926 1478 non
1969 1430 2075 1493 est,
2122 1425 2269 1497 quod
2311 1425 2475 1479 etiam
2545 1463 2548 1469 <

196 1512 501 1582 Gregorius
557 1511 629 1564 X.
688 1511 743 1563 in
799 1510 1048 1564 Concilio
1101 1510 1468 1580 Lug-dunensi
1529 1510 1928 1564 discussionem
1984 1511 2146 1564 huius
2207 1511 2476 1564 formulae

198 1616 307 1651 non
349 1597 616 1668 permisit.

351 1682 637 1750 „Tertium
697 1681 1093 1734 documentum
1153 1681 1509 1752 desumptum
1568 1687 1650 1734 est
1707 1700 1778 1735 ex
1836 1682 2083 1736 Concilio
2137 1681 2477 1736 Florentinc.

198 1770 283 1822 Dc
342 1769 434 1836 iis,
496 1786 638 1839 quae
690 1768 747 1820 in
801 1768 1083 1821 schemate
1135 1773 1324 1820 nostro
1368 1767 1679 1820 afferuntur
1734 1786 1806 1821 ex
1849 1767 2097 1822 Concilio
2137 1768 2479 1835 FlorentinO,

199 1855 407 1908 (lictum
451 1861 559 1920 est,
603 1854 740 1906 nihil
782 1855 838 1906 in
879 1854 944 1907 iis
986 1854 1285 1919 contineri,
1329 1853 1477 1924 quod
1518 1853 1734 1906 sobrius
1775 1854 2049 1925 interpres
2090 1854 2161 1907 ad
2201 1854 2478 1907 stabilien·
2547 1859 2548 1862 ’

199 1941 326 1993 dam
382 1941 689 1993 doctrinam
744 1939 1157 1992 infallibilitatis
1211 1939 1478 1993 adhibere
1531 1940 1719 2010 possit.
1799 1940 1904 1993 Ast
1958 1947 2199 1994 mentem
2252 1940 2479 1993 Patrum

199 2027 654 2080 Florentinorum
696 2027 861 2096 longe
914 2027 1080 2079 aliani
1140 2026 1339 2094 fuisse,
1392 2031 1547 2098 patet
1588 2044 1660 2079 ex
1701 2026 1795 2080 illo
1839 2027 2265 2094 commentario,
2319 2043 2480 2097 quem

201 2113 266 2166 fr.
324 2112 563 2165 loannes
617 2130 802 2164 coram
855 2112 1014 2182 Papa
1055 2111 1311 2182 Eugenio
1355 2110 1458 2164 IV.
1518 2117 1572 2164 et
1628 2129 1814 2165 coram
1870 2113 2214 2184 Imperatore
2273 2111 2479 2165 Ioanne

201 2199 559 2268 Palacolog·0,
605 2203 663 2250 ut
703 2197 1015 2268 Imperator
1056 2198 1301 2258 resciret,
1344 2198 1598 2268 quisnam
1639 2198 1708 2250 sit
1749 2215 1942 2251 sensus
1981 2198 2284 2264 formulae,
2342 2214 2478 2268 qua(-

204 2286 270 2338 de
314 2284 567 2337 Romano
611 2283 881 2337 Pontifice
924 2284 1154 2353 agebat,
1214 2284 1282 2336 de
1327 2285 1390 2335 iis
1433 2284 1685 2336 instituit.
1768 2284 1963 2355 Itaque
2015 2285 2187 2337 incisa
2240 2302 2339 2354 per
2379 2283 2483 2336 sin·-

203 2371 336 2441 gula
393 2370 712 2435 declarans,
773 2370 1007 2422 incisum
1063 2369 1232 2423 illud:
1291 2369 1597 2422 Romanam
1652 2370 1954 2439 Pontificem
2011 2370 2264 2423 Ecclesiae
2315 2373 2469 2439 caput

201 2458 439 2509 omnium
479 2455 885 2509 christianorum
920 2461 1126 2525 patrem
1167 2461 1211 2508 et
1260 2455 1511 2508 (lectorem
1551 2457 1817 2520 eoesistere,
1875 2456 2191 2527 explicans,
2247 2456 2303 2507 in
2345 2454 2475 2507 haec

205 2542 377 2595 verba
419 2541 608 2594 desiit:
664 2540 822 2607 ,Cum
877 2559 1067 2594 omnes
1121 2541 1403 2594 christiani
1456 2542 1511 2593 in
1554 2541 1661 2594 fide
1717 2542 2051 2595 conveniant
2092 2548 2147 2595 et
2188 2540 2476 2594 convenire

206 2627 474 2694 debeant,
533 2628 649 2698 ipse
694 2626 1001 2693 (Romanus
1044 2626 1335 2695 Pontifex)
1392 2628 1617 2697 ponitur
1671 2627 1861 2680 doctor
1914 2627 2301 2679 immaculatae
2355 2624 2479 2678 fidei

206 2718 431 2784 propter
473 2713 827 2782 privilegium
871 2730 1190 2766 concessum
1222 2712 1430 2766 Petro.‘
1485 2712 1790 2782 Explicans
1829 2713 2062 2766 incisum
2092 2713 2258 2765 illud:
2300 2711 2480 2764 Eidem

204 2799 327 2851 Secli
367 2804 410 2851 et
449 2798 690 2850 Romano
729 2798 976 2867 Pontifici
1013 2799 1070 2850 in
1111 2799 1153 2851 b.
1194 2798 1440 2868 Principe
1479 2800 1846 2868 Apostol07wn
1879 2798 2156 2869 pascendi,
2195 2797 2405 2868 reqendi
2442 2802 2482 2849 et

200 2884 538 2955 yabernamli
591 2885 934 2937 universalem
986 2884 1266 2937 Ecclesiam
1325 2886 1625 2954 plenariam
1680 2883 1978 2954 [traditam]
2036 2902 2136 2938 esse
2178 2889 2483 2954 potestatem,

207 2971 443 3024 adduxit
495 2970 562 3022 fr.
621 2970 860 3023 Ioannes
914 2970 1208 3040 epistolam
1252 2971 1305 3023 S.
1349 2971 1664 3040 Agathonis
1706 2971 1897 3042 Papae
1952 2971 2022 3024 ad
2080 2970 2481 3040 Imperatorem

207 3056 663 3120 Constantinum,
704 3057 1018 3126 respective
1061 3055 1131 3108 ad
1174 3055 1483 3109 Concilium
1527 3056 2201 3128 Constantinopolitanum
2244 3055 2379 3120 HL,
2432 3058 2485 3107 et

207 3141 413 3195 exinde
465 3147 792 3212 sequentem
846 3142 1257 3195 conclusionem
1312 3142 1575 3195 deduxit:
1636 3143 1720 3209 ,In
1773 3142 1876 3195 hac
1929 3142 2255 3195 auctoritate
2309 3141 2483 3210 (Aga-

207 3227 392 3280 thonis
433 3227 665 3294 scilicet)
708 3227 813 3279 tria
866 3227 1003 3280 haec
1046 3226 1342 3281 manifeste
1384 3232 1721 3281 asseruntur.
1801 3228 2015 3295 Primo,
2071 3227 2217 3297 quod
2259 3241 2482 3297 pascere

209 3332 400 3366 omnes
442 3330 571 3366 oves
613 3314 681 3365 sit
718 3313 1066 3365 commissum
1098 3314 1266 3366 Petro
1308 3319 1363 3366 et
1404 3313 1811 3366 successoribus
1840 3314 1966 3367 suis.
2022 3312 2296 3379 Secundo,
2340 3309 2484 3382 quod

211 3399 385 3453 Sedes
426 3398 751 3469 Apostolica
792 3417 1073 3469 nunquam
1126 3399 1181 3450 in
1223 3400 1408 3469 aliqua
1451 3399 1652 3452 erroris
1704 3406 1861 3470 parte
1916 3398 2177 3468 depressa
2229 3404 2335 3464 est,
2388 3395 2484 3450 sed

209 3502 430 3555 semper
473 3484 672 3537 mansit
711 3484 1066 3537 immaculata
1095 3485 1151 3536 in
1192 3484 1317 3537 fide.
1372 3484 1579 3550 Tertio,
1623 3483 1770 3554 quod
1800 3489 1952 3536 tanta
1983 3490 2064 3537 est
2093 3484 2209 3536 cius
2250 3481 2483 3536 auctori-

211 3575 327 3637 taS,
386 3570 532 3641 quod
585 3569 915 3622 universalis
969 3569 1220 3623 Ecclesia
1280 3576 1334 3622 et
1385 3570 1676 3622 universae
1729 3569 1926 3639 synodi
1978 3587 2198 3640 semper
2249 3567 2483 3621 fideliter

211 3661 434 3708 secutae
477 3661 631 3722 sunt,
679 3661 733 3708 et
774 3659 960 3725 patres
1002 3654 1259 3707 catholici
1301 3672 1518 3725 semper
1560 3660 1925 3725 susceperunt
1966 3655 2083 3707 eius
2126 3654 2483 3725 apostolicam

308 3917 329 3962 1
366 3839 380 3865 ¹
418 3838 598 3901 Cozza,
625 3841 759 3890 Hist.
787 3842 971 3905 polem.
1001 3843 1062 3891 de
1084 3843 1329 3893 Graecor.
1359 3844 1638 3892 schismate
1666 3847 1701 3892 t.
1721 3843 1793 3904 II,
1820 3847 1953 3906 part.
1972 3842 2064 3904 IV,
2100 3859 2209 3905 cap.
2229 3840 2481 3901 XXVIII,

216 3932 265 3963 n.
338 3918 448 3964 218.
