2548 4290
258 160 502 202 Commeat.
534 159 612 199 IV.
668 161 738 200 De
770 167 953 214 peccato
989 160 1253 202 defectionis
1285 174 1311 202 a
1337 161 1426 202 fide
1458 162 1529 202 vel
1562 162 1859 203 dubitationis
1887 162 1939 202 de
1972 175 2035 202 ea.
2195 162 2261 213 63

48 304 320 360 anfractus
360 304 645 356 dubiorum
686 303 1053 371 eluctandum,
1096 306 1150 356 in
1191 323 1325 374 quos
1365 305 1578 373 ingredi
1616 305 1822 357 inutilis
1861 306 2015 358 labor
2055 305 2262 356 videbi-

47 393 133 443 tur
171 387 235 453 ei,
273 387 365 455 qui
403 404 679 456 nunquam
718 386 788 438 ad
824 389 1015 439 serium
1053 388 1267 440 dubium
1307 405 1627 457 progressus
1670 393 1766 440 est.
1809 430 1820 440 .
1866 429 1877 441 .
1930 389 2124 457 Neque
2165 405 2262 438 un-

49 487 207 541 quam
245 469 398 520 timui
438 470 673 538 aliquam
713 469 814 521 hac
853 470 941 521 via
968 471 1255 534 iacturam3
1297 470 1682 522 intellexeram
1723 471 1883 537 enim,
1927 471 2115 539 quovis
2155 470 2261 522 alio

49 551 206 605 modo
246 552 421 603 minus
460 568 649 603 severo
692 552 887 616 omnia,
930 570 1067 621 quae
1108 553 1473 622 inquirebam,
1517 570 1690 621 aequo
1730 554 1846 605 iure
1886 554 2037 606 reiici
2078 560 2131 605 et
2171 552 2262 605 ad-

50 634 185 687 mitti
225 651 397 703 posse.
448 634 677 703 Insuper
717 652 1121 704 perspexeram,
1162 653 1258 704 pro
1301 635 1608 687 hominibus
1648 635 1858 686 nullum
1899 636 2046 687 aliud
2085 640 2263 687 tutum

49 717 321 770 criterium
361 718 602 770 veritatis
642 718 759 770 dari
796 723 1012 787 praeter
1047 719 1428 771 necessitatem
1468 720 1708 770 rationis.
1751 760 1762 772 .
1806 761 1817 772 .
1869 719 1993 771 Non
2033 720 2265 771 auctori-

49 805 155 854 tate
206 803 547 870 quantumvis
599 802 890 853 multorum
947 807 1000 854 et
1049 803 1297 870 gravium
1350 802 1659 868 doctorum,
1715 802 1810 854 sed
1860 804 2016 855 unice
2065 802 2266 854 intelli-

48 883 232 953 gentia
270 885 490 953 propria
531 889 709 953 potest
750 885 974 937 dubium
1014 902 1299 954 superare,
1347 886 1438 954 qui
1476 902 1651 937 revera
1688 884 1901 937 dubitat.
1944 926 1956 938 .
1997 926 2008 938 .
2073 885 2266 937 Fuerit

48 967 350 1036 optabiliuS,
389 969 432 1019 si
460 968 654 1036 placet,
695 968 1003 1020 huiusmodi
1039 967 1214 1020 dubiis
1244 985 1428 1020 carere
1458 986 1619 1037 quam
1646 968 1710 1020 iis
1737 968 2048 1020 satisfacere
2078 985 2262 1037 posse3

46 1067 142 1121 pro
194 1049 387 1102 futuris
438 1050 749 1103 doctoribus
789 1051 1069 1120 religionis
1125 1051 1225 1102 hoc
1266 1069 1375 1103 non
1415 1052 1579 1103 valet.
1656 1051 1703 1102 Ii
1743 1051 1947 1103 debent
1986 1052 2157 1117 scire,
2207 1068 2264 1102 se

46 1133 265 1199 nescire,
306 1138 364 1184 ut
402 1134 683 1186 scientiam
724 1152 920 1203 magno
961 1134 1138 1186 studio
1180 1139 1473 1203 quaerant3
1517 1134 1719 1186 debent
1758 1135 2130 1203 labyrinthum
2170 1134 2266 1186 du-

47 1216 254 1269 biorum
295 1234 393 1285 per
433 1235 618 1269 omnes
658 1218 912 1269 circuitus
952 1235 1262 1287 peragrare,
1302 1223 1360 1268 ut
1402 1217 1598 1269 deinde
1627 1218 1730 1286 ipsi
1760 1217 2128 1270 dubitantibus
2169 1235 2266 1286 per

47 1318 230 1354 omnes
269 1301 543 1354 anfractus
584 1302 807 1354 comites
857 1320 913 1355 se
964 1302 1090 1355 dare
1143 1302 1383 1372 possint.‘
1463 1302 1694 1367 (lntrod.
1746 1302 1875 1370 phil.
1917 1301 1987 1353 ad
2025 1301 2265 1369 theolog.

47 1384 224 1438 Praef.
264 1403 316 1453 p.
362 1387 426 1436 10
465 1384 644 1454 sq.)“1

190 1466 383 1537 Neque
423 1473 605 1520 tamen
646 1472 833 1520 contra
873 1468 1037 1520 solius
1077 1467 1351 1520 Hermesii
1401 1468 1700 1520 doctrinam
1754 1468 1952 1519 veritas
1995 1467 2265 1532 definitur,

49 1549 144 1603 sed
183 1550 345 1603 etiam
387 1557 573 1604 contra
612 1552 840 1604 aliorum
882 1552 1173 1603 multorum
1214 1569 1485 1617 errorem,
1528 1553 1619 1621 qui
1657 1551 1724 1602 ab
1765 1551 1957 1604 iisdem
1998 1552 2266 1619 theologis

50 1633 241 1687 dicitur
285 1636 371 1702 „in
411 1637 686 1688 nonnullis
727 1636 1043 1704 regionibus
1083 1636 1191 1687 late
1245 1635 1473 1687 diffusus
1515 1641 1569 1687 et
1609 1635 1724 1687 fere
1776 1635 2052 1705 popularis
2094 1652 2267 1704 coque

50 1719 414 1787 perniciosior,
454 1738 559 1789 quo
598 1720 895 1772 universim
936 1719 1146 1784 dicitur,
1187 1720 1472 1771 transitum
1513 1719 1580 1771 ab
1605 1719 1852 1771 Ecclesia
1893 1719 2159 1771 catholica
2198 1718 2267 1770 ad

47 1801 178 1855 alias
219 1805 624 1856 communiones
675 1804 792 1856 fieri
832 1821 990 1873 posse
1031 1821 1099 1855 ex
1157 1803 1447 1855 dictamine
1489 1804 1875 1868 conscientiae,
1929 1808 2091 1871 atque
2143 1803 2266 1855 ideo

45 1886 345 1954 generatim
385 1886 694 1939 huiusmodi
733 1887 978 1938 homines
1018 1904 1126 1937 non
1168 1904 1283 1938 esse
1325 1886 1625 1938 censendos
1666 1886 1903 1937 criminis
1943 1903 2092 1951 reOS,
2146 1903 2267 1937 cum

47 1969 158 2040 ipsi.
187 1969 300 2023 fere
341 1988 554 2040 semper
594 1971 882 2036 affirment,
923 1988 978 2022 se
1019 1970 1173 2038 sequi
1214 1969 1486 2021 dictamen
1526 1987 1654 2022 suae
1697 1970 2080 2034 conscientiae3
2124 1970 2267 2038 quod

48 2053 147 2105 nisi
187 2055 532 2122 concedatur,
574 2055 840 2123 inquiunt,
883 2053 1217 2106 damnandas
1260 2053 1422 2105 etiam
1463 2053 1578 2105 fore
1620 2053 1999 2105 conversiones
2041 2054 2107 2104 ab
2149 2053 2268 2104 aliis

46 2138 510 2191 communionibus
551 2138 619 2190 ad
646 2138 946 2190 Ecclesiam
987 2137 1337 2201 catholica1u3
1381 2138 1583 2206 sicque,
1627 2137 1737 2205 ,qui
1777 2136 1877 2188 hoc
1918 2137 1998 2187 ius
2039 2142 2268 2204 negaret

48 2220 362 2273 orthodoxis
414 2221 481 2273 ad
522 2239 614 2273 eos
655 2220 1052 2273 confirmandos
1107 2221 1160 2271 in
1202 2221 1458 2285 veritate,
1513 2220 1704 2271 eodem
1745 2219 2011 2289 principio
2054 2220 2267 2272 hetero-

49 2303 218 2357 doxos
272 2305 616 2357 confirmaret
668 2305 722 2356 in
777 2306 992 2356 errore‘.
1070 2304 1264 2373 Neque
1320 2305 1395 2355 ita
1446 2304 1741 2373 loquuntur
1796 2304 1969 2355 solum
2024 2303 2267 2357 homines

47 2387 215 2456 impii,
257 2389 348 2457 qui
386 2390 528 2441 inter
568 2389 807 2440 diversas
843 2388 1135 2456 religiones
1176 2388 1309 2439 nihil
1353 2388 1667 2439 discernunt
1707 2393 1759 2439 et
1801 2405 1863 2439 eo
1905 2388 2019 2456 ipso
2063 2388 2268 2440 nullam

47 2477 363 2540 agnoscunt,
408 2512 419 2523 .
450 2512 460 2523 .
493 2513 503 2523 .
544 2472 641 2524 sed
680 2472 772 2523 alii
809 2473 988 2538 etiam,
1030 2472 1122 2540 qui
1162 2472 1485 2540 religionem
1513 2489 1697 2523 veram
1726 2489 1834 2523 non
1862 2477 2082 2539 negant,
2125 2472 2268 2523 affir-

49 2559 197 2606 mant
235 2560 446 2621 tamen,
487 2555 711 2607 concedi
752 2554 951 2606 debere
992 2554 1073 2606 ius
1114 2554 1362 2606 omnibus
1390 2572 1672 2607 commune
1713 2572 1810 2623 per
1849 2555 2149 2606 institutam
2190 2557 2268 2607 in-

197 2750 211 2776 1
252 2751 389 2810 „Hac
424 2751 703 2811 doctrina“‚
740 2757 797 2799 ut
834 2753 976 2800 aiunt
1013 2753 1235 2814 theologi
1263 2752 1339 2812 (O.
1365 2754 1425 2800 V.
1452 2755 1539 2800 531
1559 2753 1626 2813 a),
1668 2753 1935 2813 „explicite
1970 2754 2050 2799 vel
2089 2754 2266 2800 saltem

47 2826 449 2888 aequipollenter
485 2832 700 2889 negatur
748 2828 971 2875 divinum
1021 2833 1344 2889 praeceptum
1396 2829 1537 2888 fidei,
1592 2844 1689 2889 quo
1742 2832 1849 2875 tum
1900 2844 1989 2889 per
2040 2844 2267 2876 necessa-

48 2903 172 2949 riam
211 2905 624 2964 consequentiam
662 2920 724 2951 ex
760 2904 868 2965 ipso
906 2905 1042 2951 facto
1081 2905 1279 2952 divinae
1315 2906 1640 2952 revelationis
1678 2908 1782 2951 tum
1822 2906 2010 2951 diserta
2047 2906 2269 2966 promul-

47 2979 253 3040 gatione
290 2979 487 3027 divinae
539 2981 663 3041 legis
715 2981 1079 3040 praescribitur
1128 2985 1229 3027 tam
1266 2982 1356 3040 iis,
1410 2982 1494 3042 qui
1542 2982 1605 3028 ad
1650 2996 1820 3027 veram
1860 2981 2006 3028 fidem
2042 2982 2264 3028 nondum

50 3060 404 3115 pervenerunt,
445 3057 669 3117 prudens
706 3072 764 3103 ac
802 3057 977 3103 sedula
1013 3058 1273 3118 inquisitio
1313 3062 1361 3104 et
1400 3058 1462 3104 ad
1500 3057 1835 3105 sufficientem
1871 3058 2266 3119 propositionem

50 3132 302 3192 susceptio
353 3131 498 3191 fidei,
560 3148 710 3193 quam
759 3132 993 3181 fidelibus
1046 3134 1331 3180 constantia
1381 3135 1431 3180 in
1481 3133 1608 3193 fide3
1666 3133 1863 3194 hocque
1909 3134 2017 3194 ipso
2065 3138 2268 3181 vetatur

50 3207 141 3254 sub
178 3211 323 3255 reatu
354 3208 690 3255 damnationis
717 3213 969 3268 aeternae,
1009 3210 1139 3255 sicut
1165 3210 1385 3270 negatio,
1423 3210 1495 3256 ita
1525 3210 1734 3256 dubium
1761 3209 2093 3257 deliberatum
2134 3210 2269 3257 circa

51 3282 311 3330 veritatem
350 3299 705 3346 quamcunque
742 3285 1020 3332 revelatam
1068 3285 1377 3332 sufficienter
1414 3287 1739 3347 propositam.
1808 3285 1986 3346 Neque
2024 3301 2174 3340 vero,
2213 3291 2268 3334 ut

51 3357 208 3419 aliqui
240 3375 373 3407 nunc
408 3360 678 3408 falsissime
716 3364 766 3407 et
801 3361 1226 3422 periculosissime
1265 3361 1465 3419 dicunt,
1518 3366 1781 3422 peccatum
1819 3365 1997 3408 contra
2032 3362 2177 3408 fidem
2216 3362 2267 3409 in

53 3447 109 3480 eo
147 3434 458 3482 solummodo
496 3440 597 3496 est,
650 3436 786 3497 quod
834 3437 1052 3483 admisso
1102 3437 1237 3484 facto
1275 3437 1599 3484 revelationis
1636 3438 1742 3484 Deo
1791 3452 1889 3483 non
1941 3438 2179 3484 credatur
2218 3443 2267 3486 et

50 3508 157 3570 ipse
193 3511 439 3558 mendacii
486 3517 782 3572 accusetur,
832 3513 1113 3560 cuiusmodi
1149 3518 1428 3561 monstrum
1465 3514 1597 3561 inter
1629 3514 1857 3561 homines
1893 3515 1978 3560 vix
2016 3515 2267 3571 occurrit3

53 3585 139 3632 sed
175 3586 470 3646 infidelitas,
508 3604 639 3650 quae
675 3589 969 3645 damnatur,
1010 3589 1160 3636 etiam
1197 3590 1284 3636 illa
1320 3594 1414 3649 est,
1453 3591 1603 3651 quod,
1642 3592 1760 3637 dum
1797 3591 1985 3637 veritas
2022 3595 2266 3653 tanquam

52 3660 276 3708 revelata
311 3662 622 3711 sufficienter
656 3665 916 3726 proposita
954 3669 1044 3724 est,
1082 3665 1169 3711 illa
1204 3665 1429 3713 revelata
1466 3681 1576 3713 esse
1611 3670 1827 3727 negatur
1865 3670 1913 3712 et
1950 3666 2021 3713 ita
2055 3666 2178 3713 fides
2216 3667 2267 3713 in

51 3733 145 3783 hac
191 3737 459 3799 hypothesi
504 3740 863 3802 propositionis
903 3741 1198 3788 sufficientis
1236 3741 1406 3789 debita
1450 3757 1550 3788 non
1587 3745 1909 3803 praestatur,
1956 3742 2085 3788 hanc
2134 3744 2266 3789 enim

53 3811 415 3861 subiectionem
453 3814 717 3862 rationalis
753 3820 1020 3863 creaturae
1059 3820 1108 3863 et
1145 3816 1491 3878 captivitatem
1540 3818 1699 3863 omnis
1746 3817 2035 3864 intellectus
2072 3818 2269 3865 infinita

11 3895 15 3899 ·
54 3887 304 3948 maiesta8‚
341 3890 529 3937 veritas
566 3893 617 3938 et
653 3891 914 3953 sapientia,
952 3892 998 3938 h.
1038 3907 1079 3939 e.
1117 3894 1393 3940 auctoritas
1432 3893 1522 3940 Dei
1558 3893 1813 3955 loquentis
1849 3892 2119 3955 postulat.“
