2548 4290
242 81 345 132 112
663 81 779 122 Pars
811 79 870 120 II.
929 77 1085 122 Const.
1118 79 1173 121 de
1205 79 1430 122 Ecclesia.
1497 78 1608 135 Cap.
1641 80 1675 121 Ι.
1735 80 1850 122 Eius
1882 81 2091 121 historia.

238 232 474 303 septima
516 230 591 298 (d.
632 231 719 283 29.
761 227 1023 299 Aprilis),
1096 245 1238 298 quae
1289 227 1470 298 prima
1521 225 1711 280 habita
1752 232 1864 290 est,
1920 233 2213 297 postquam
2255 226 2533 283 Summum

238 316 524 382 PontifeX,
571 319 633 367 ut
671 314 782 367 iam
824 312 893 366 de
934 312 1187 365 Primatu
1228 317 1508 382 ageretur,
1551 311 1816 379 decrevit,
1859 312 1916 365 id
1957 329 1988 365 a
2028 311 2206 382 primo
2246 311 2533 368 Praeside·

236 401 495 454 Patribus
524 399 912 452 annuntiatum
942 402 1061 450 erat
1082 395 1115 449 ¹.
1173 397 1452 450 Plurimos
1481 397 1696 466 PatreS,
1738 398 1831 465 ait,
1874 398 2074 450 iterum
2103 401 2271 467 atque
2309 396 2512 452 iterum
2542 404 2544 406 ’

238 486 403 539 enixe
444 484 771 555 postulasse,
818 488 911 550 „ut
950 488 1077 535 ante
1106 482 1323 552 reliqua
1351 482 1653 551 schemata,
1693 483 1861 536 fidem
1904 487 1999 535 aut
2040 481 2389 553 disciplinam
2429 477 2548 536 re-f

236 570 541 640 spicientia,
585 569 652 622 de
693 567 1096 621 infallibilitate
1137 566 1377 619 Romani
1420 567 1705 621 Pontificis
1745 572 2105 635 tractaretur,
2159 585 2225 621 ea
2264 569 2546 638 praeser->

235 656 333 708 tim
376 655 444 708 de
485 673 678 721 causa,
728 653 876 724 quod
917 653 1131 707 recenti
1171 658 1422 724 tempore
1465 654 1611 706 circa
1650 654 1755 707 hoc
1796 654 2184 724 gravissimum
2226 652 2514 708 doctrinae

237 746 404 811 caput
444 758 553 792 non
595 739 745 793 leves
787 739 1102 792 anxietates
1154 738 1211 790 in
1263 737 1510 791 fidelium
1552 739 1750 792 animis
1801 739 2008 810 ubique
2062 739 2339 793 excitatae
2387 740 2513 807 sint,

237 825 383 878 unde
426 843 618 878 eorum
660 824 1031 877 conscientiae
1073 828 1356 894 anguntur
1397 830 1452 877 et
1491 825 1787 895 religiosae
1817 825 2096 879 societatis
2123 843 2237 895 pax
2264 841 2328 878 ac
2367 819 2548 877 trani

236 911 479 982 quillitas
521 910 896 981 perturbatur.
949 909 1304 980 Quapropter
1345 911 1719 963 necessarium
1748 911 1927 963 visum
1970 916 2068 973 est,
2109 911 2343 964 Patrum
2383 928 2514 964 exa-

236 996 368 1048 mini
421 995 829 1066 quamprimum
885 994 1157 1048 subiicere
1210 996 1430 1049 schema
1486 995 1554 1048 de
1605 995 1859 1050 Romano
1901 997 2173 1050 Pontifice
2227 995 2517 1051 continens

237 1081 543 1134 doctrinam
586 1080 654 1133 de
697 1081 812 1133 eius
854 1080 1107 1133 Primatu
1150 1087 1205 1134 et
1245 1081 1700 1136 infallibilitate“.

384 1170 598 1223 Eodem
653 1175 707 1222 et
758 1169 1012 1239 sequenti
1064 1168 1154 1221 die
1208 1169 1683 1223 distribuebantur
1722 1170 1952 1224 Patrum
2009 1170 2518 1224 animadversiones

236 1257 290 1308 in
334 1260 501 1327 caput
541 1255 893 1308 undecimum
935 1262 990 1307 et
1028 1260 1195 1325 caput
1235 1254 1554 1308 addendum
1579 1254 1616 1309 ².
1698 1256 2116 1328 Quinquaginta
2167 1262 2279 1310 tres
2320 1256 2516 1310 Patres

236 1342 420 1394 statim
460 1342 618 1394 binas
658 1340 846 1393 literas
900 1339 968 1392 ad
1011 1339 1298 1393 Summum
1340 1341 1671 1395 Pontificem
1713 1343 2016 1409 dederunt,
2071 1342 2270 1413 quibus
2309 1346 2518 1413 gratas

238 1426 504 1498 agebant,
558 1425 707 1497 quod
748 1426 973 1478 schema
1022 1425 1130 1478 iam
1172 1427 1409 1496 proponi
1465 1427 1713 1481 iussisset
1732 1426 1768 1482 3.
1849 1427 2032 1490 Quum
2084 1434 2270 1481 autem
2320 1431 2517 1499 postea

236 1512 459 1567 schema
499 1512 834 1578 traderetur,
874 1530 1017 1564 unus
1058 1517 1113 1565 et
1140 1514 1495 1584 septuaginta
1525 1513 1722 1567 Patres
1763 1515 1939 1568 literis
1979 1515 2049 1569 ad
2083 1514 2320 1568 Concilii
2345 1514 2515 1567 Prae-

235 1598 380 1652 sides
434 1598 576 1650 datis
629 1597 1144 1668 conquerebantur,
1200 1599 1346 1669 quod
1390 1605 1599 1652 mutato
1644 1600 1867 1668 ordine,
1921 1606 2223 1672 antequam
2276 1599 2386 1652 alia
2427 1616 2514 1652 ca-

236 1685 351 1755 pita
392 1684 678 1737 doctrinae
722 1683 789 1736 de
832 1683 1083 1736 Ecclesia
1124 1689 1359 1737 tractata
1400 1691 1612 1753 essent,
1654 1686 1764 1739 iam
1805 1686 1874 1739 de
1916 1686 2172 1740 Primatu
2213 1691 2268 1739 et
2307 1683 2514 1738 infahi-

237 1770 451 1822 bilitate
495 1772 638 1822 esset
678 1768 957 1838 agendum
976 1768 1015 1821 ⁴.

387 1858 622 1912 Schema
664 1857 1086 1911 Constitutionis
1127 1857 1338 1926 primae
1393 1857 1460 1910 de
1502 1858 1756 1911 Ecclesia
1797 1864 1852 1911 et
1891 1859 2268 1929 deputationis
2317 1858 2515 1912 relatio

236 1945 303 1998 de
347 1946 578 1997 Patrum
621 1942 1191 1996 animadversionibus
1233 1943 1558 1996 tradebatur
1599 1944 1650 1997 d.
1681 1947 1731 1997 9.
1762 1944 1895 1997 Maii
1914 1945 1951 1997 ⁵.
2005 1945 2314 1999 Relationis
2355 1962 2515 2016 praa-

237 2031 425 2084 sertim
478 2048 544 2083 ea
595 2048 750 2100 parS,
809 2047 917 2099 qua
969 2028 1665 2082 deanimadversionibus
1719 2031 1773 2082 in
1828 2036 1996 2101 caput
2048 2037 2306 2101 quartum
2358 2030 2514 2085 exhi-

238 2118 362 2169 bitis
403 2117 585 2187 agitur
604 2115 641 2184 ⁶,
684 2133 885 2185 magna
927 2115 1221 2185 diligentia
1262 2120 1317 2167 et
1345 2116 1615 2169 acerrimo
1658 2117 1883 2186 ingenio
1932 2118 2136 2188 scripta
2163 2123 2263 2171 est.
2317 2117 2511 2171 Anim-

235 2203 616 2270 adversioneS,
670 2220 810 2273 quae
863 2203 919 2253 in
972 2206 1140 2272 caput
1192 2207 1449 2272 quartum
1503 2201 1789 2256 exhibitae
1845 2208 2001 2271 sunt,
2046 2203 2104 2256 in
2157 2221 2225 2256 ea
2278 2202 2349 2256 ad
2400 2208 2514 2256 tros

237 2290 438 2342 classes
490 2293 853 2342 revocantur:
919 2291 965 2341 1.
1019 2305 1209 2340 eorum
1262 2288 1523 2355 Patrum,
1586 2289 1679 2359 qui
1730 2289 1956 2342 schema
2011 2290 2206 2359 capitis
2262 2290 2377 2343 sive
2432 2290 2513 2342 in-

235 2384 455 2445 tegrum
495 2374 610 2427 sive
662 2373 843 2444 quoad
896 2372 1260 2425 substantiam
1302 2373 1685 2439 retinendum,
1739 2375 1790 2428 2.
1833 2392 2054 2443 eorum,
2108 2375 2201 2445 qui
2251 2375 2390 2428 illud
2441 2393 2512 2429 ex

237 2461 455 2530 integro
497 2459 854 2525 mutandum,
912 2459 1225 2525 3.'eorum,
1283 2459 1376 2528 qui
1428 2458 1653 2511 schema
1702 2459 1924 2512 omnino
1978 2460 2346 2513 omittendum
2387 2478 2513 2514 cer-

238 2546 452 2599 sebant.
531 2546 837 2616 Postquam
878 2554 1075 2597 actum·
1103 2550 1185 2597 est
1225 2544 1293 2597 de
1333 2544 1548 2598 duabus
1590 2545 1866 2616 prioribus
1908 2545 2202 2613 classibuS,
2245 2564 2327 2615 ea,
2369 2564 2513 2619 quae

238 2633 293 2684 in
351 2631 925 2684 animadversionibus
982 2631 1169 2683 classis
1225 2631 1423 2684 tertiae
1482 2636 1674 2684 contra
1729 2631 1954 2685 schema
2010 2631 2377 2701 obiiciuntur,
2444 2633 2514 2687 al

239 2718 344 2771 tria
391 2718 594 2771 iterum
650 2724 1002 2771 revocantur.
1080 2717 1164 2771 Ea
1222 2719 1368 2770 enim
1425 2719 1730 2789 respiciunt
1776 2719 1866 2771 vel
1922 2719 2167 2790 priorem
2220 2719 2517 2773 schematis

241 2810 482 2875 partem,
542 2822 650 2874 qua
691 2804 1068 2857 Conciliorum
1119 2804 1437 2857 testimonia
1488 2810 1752 2875 tanquam
1804 2805 1886 2858 rei
1929 2804 2280 2859 definiendae
2319 2805 2517 2860 funda-

240 2896 443 2958 menta,
477 2891 566 2943 vel
595 2891 827 2943 alteram
857 2896 1090 2961 partem,
1134 2908 1242 2960 qua
1269 2890 1389 2960 ipsa
1417 2890 1664 2943 definitio
1694 2892 2027 2958 continetur,
2066 2891 2156 2944 vel
2184 2891 2359 2963 ipsam
2391 2891 2517 2945 doc-

238 2976 440 3029 trinam
482 2976 872 3030 definiendam.
951 2976 1038 3029 De
1079 2976 1311 3046 singulis
1353 2977 1503 3030 hisce
1546 2977 1600 3028 in
1642 2976 1914 3030 relatione
1957 2978 2155 3047 agitur.

389 3065 496 3117 Die
558 3068 639 3117 13.
681 3065 814 3118 Maii
868 3065 925 3117 in
977 3066 1438 3136 quinquagesima
1489 3066 1939 3137 Congregatione
1992 3066 2243 3137 generali
2292 3066 2517 3119 nominc

241 3150 617 3222 deputationis
647 3151 714 3204 de
743 3156 859 3204 toto
888 3152 1167 3205 schemate
1198 3152 1524 3205 relationem
1552 3152 1751 3205 habuit
1771 3152 2080 3223 Episcopus
2098 3152 2516 3206 Pictaviensis⁷.

242 3234 353 3288 Cur
397 3236 464 3289 de
507 3235 757 3289 Primatu
810 3242 1038 3308 agatur,
1101 3242 1396 3308 antequam
1455 3238 1521 3291 de
1579 3238 1775 3290 ceteris
1832 3237 2105 3308 capitibus
2158 3238 2227 3291 de
2266 3237 2518 3291 Ecclesia

240 3446 455 3493 Patrum
493 3446 544 3492 in
583 3449 739 3507 caput
774 3445 1101 3493 undecimum
1139 3451 1189 3493 et
1225 3446 1276 3493 in
1316 3451 1472 3508 caput
1499 3447 1789 3494 addendum
1827 3446 2031 3494 habitas
2070 3462 2181 3495 esse
2207 3463 2363 3510 supra
2389 3446 2515 3495 dixi·-

242 3539 371 3571 mus.
442 3524 520 3571 De
556 3524 618 3571 iis
654 3539 700 3570 v.
736 3522 791 3571 O.
829 3523 892 3570 V.
935 3525 1060 3570 1678
1077 3524 1122 3571 d.
1161 3529 1285 3572 nota
1323 3522 1405 3572 8⁴⁴.

395 3600 407 3627 ¹
447 3601 584 3650 Acta
620 3605 717 3649 etc.
790 3600 844 3649 O.
886 3601 949 3649 V.
990 3603 1143 3649 7400.
1171 3602 1216 3649 d.
1402 3601 1418 3628 ²
1456 3602 1588 3651 Ibid.
1661 3600 1717 3649 O.
1757 3601 1819 3649 V.
1859 3602 2016 3650 740d.
2057 3604 2145 3649 741
2167 3618 2210 3651 a.

393 3677 408 3704 ³
446 3678 654 3726 Literae
692 3681 789 3726 etc.
839 3677 894 3726 O.
933 3678 995 3725 V.
1037 3680 1181 3726 979a
1219 3695 1328 3741 sqq.

388 3755 406 3781 ³*
443 3755 762 3804 Protestatio
801 3760 897 3803 etc.
949 3755 1004 3804 O.
1042 3755 1104 3803 V.
1131 3757 1273 3804 98οᾶ
1313 3772 1422 3819 sqq.
1607 3754 1623 3782 ⁵
1660 3756 1796 3804 Acta
1833 3761 1930 3805 etc.
2004 3757 2059 3805 O.
2097 3758 2159 3807 V.
2200 3759 2355 3807 742b.

392 3832 408 3859 ὃ
447 3832 501 3881 O.
540 3834 604 3882 V.
641 3835 783 3882 277d
822 3849 932 3896 sqq.

395 3910 409 3936 ⁷
448 3912 583 3959 Acta
622 3915 718 3959 etc.
781 3911 836 3960 O.
873 3911 936 3958 V.
977 3913 1070 3959 743
1086 3914 1134 3961 b.
1184 3912 1246 3960 V.
1285 3913 1589 3961 relationem
1631 3911 1685 3960 O.
1723 3911 1786 3960 V.
1825 3914 1921 3960 290
1937 3913 1967 3960 d
2005 3928 2114 3976 sqq.
