2548 4290
469 202 712 245 Comment.
745 203 802 243 ΙΙ.
857 203 927 242 1)0
957 202 1262 256 possibilitate
1290 206 1435 242 natur.
1469 204 1739 254 cognitionis
1771 203 1870 242 Dei.
2210 201 2274 250 41

201 345 329 398 Alia
351 351 533 397 tamen
555 345 797 414 quaestio
821 344 954 396 haec
981 350 1078 411 est,
1105 362 1234 395 num
1257 345 1526 396 sententia
1553 345 1648 397 illa
1675 362 1796 396 cum
1825 345 2071 397 doctrina
2099 344 2278 396 verbis

59 430 263 482 decreti
304 447 564 498 expressa
613 428 740 479 satis
791 428 1104 493 conveniat3
1167 428 1232 479 de
1285 445 1392 496 qua
1431 428 1745 496 quaestione
1786 445 1960 498 pauca
1999 427 2278 479 addemus.

201 512 407 572 Quodsi
445 511 515 578 id,
558 528 662 580 quo
702 528 853 562 mens
894 510 961 561 ab
1002 511 1108 561 illis
1148 510 1276 561 viris
1317 510 1488 562 doctis
1527 511 1583 561 in
1623 511 1935 579 quaerendo
1965 510 2085 563 Deo
2128 509 2278 562 adiu-

56 595 170 647 vari
212 595 433 662 dicitur,
474 594 610 646 nihil
650 594 799 645 aliud
838 594 1163 663 intelligitur
1203 593 1306 644 nisi
1345 593 1607 645 naturalis
1649 595 1843 645 mentis
1882 595 1938 645 in
1976 594 2157 646 Deum
2197 594 2277 645 in-

58 678 276 730 clinatio
327 695 423 730 seu
462 677 578 729 eius
618 676 687 728 ad
728 676 908 728 Deum
950 676 1109 728 facile
1149 676 1540 728 inveniendum
1580 677 1856 746 aptitudo,
1914 677 2050 728 nihil
2089 677 2145 728 in
2183 676 2277 727 illa

56 761 324 813 sententia
363 765 458 826 est,
499 759 645 829 quod
685 777 807 810 cum
848 760 1050 811 decreti
1091 759 1272 811 verbis
1312 777 1422 811 non
1463 760 1766 811 conveniat.

197 843 367 895 Porro
419 843 462 894 si
513 843 630 912 quis
671 843 1039 911 cognitionem
1093 842 1387 893 humanam
1439 847 1595 912 putet
1647 842 1911 911 explicari
1954 860 2063 893 non
2104 859 2277 910 posse,

59 926 162 978 nisi
202 926 444 978 admissis
484 926 619 979 ideis
659 927 873 992 111113113,
916 943 984 977 110
1021 926 1065 977 13
1107 926 1343 995 quidem,
1383 925 1511 977 licet
1543 925 1739 977 falsum
1779 925 2114 996 profiteatur,
2157 942 2276 975 cum

56 1008 275 1061 decreto
317 1010 608 1078 confligere
651 1008 910 1061 dicendus
951 1014 1047 1061 est.
1100 1009 1296 1078 Neque
1338 1009 1482 1061 enim
1525 1008 1827 1061 Concilium
1870 1009 2164 1078 quidquam
2208 1008 2273 1060 de

52 1093 261 1160 origine
288 1092 535 1145 idearum
565 1093 740 1145 docet.
794 1092 878 1144 Ita
907 1097 1104 1157 tamen,
1149 1093 1240 1161 qui
1269 1110 1359 1144 eas
1388 1092 1542 1144 nobis
1572 1093 1685 1143 indi
1730 1092 1904 1158 docet,
1947 1092 2273 1143 sententiam

51 1193 230 1242 suam,
283 1181 342 1228 ut
382 1194 501 1228 eam
552 1194 675 1228 cum
716 1176 934 1228 decreto
976 1177 1138 1246 plane
1180 1176 1460 1242 conciliet,
1504 1177 1780 1244 explicare
1823 1176 2012 1242 debet,
2066 1181 2126 1226 ut
2164 1194 2273 1228 non

52 1263 234 1327 neget,
275 1277 306 1311 a
345 1259 499 1312 nobis
537 1278 597 1311 ea·
633 1259 782 1311 rebus
821 1261 1002 1311 creatis
1039 1260 1219 1310 Deum
1261 1266 1408 1311 certo
1451 1260 1721 1328 cognosci.

194 1342 336 1403 Quid
375 1360 532 1410 ver0,
586 1344 629 1394 si
671 1344 788 1411 quis
830 1343 1003 1409 dicat,
1055 1344 1111 1394 in
1151 1343 1268 1394 aliis
1309 1343 1527 1412 quidem
1567 1342 1888 1395 veritatibus
1928 1342 2269 1411 indagandis,

50 1426 221 1478 veluti
259 1427 315 1477 in
355 1427 531 1479 studio
572 1428 831 1479 scientiae
872 1427 1161 1492 naturalis,
1203 1427 1486 1493 mathesis,
1526 1427 1752 1495 logicae,
1795 1426 1965 1478 solam
2005 1426 2271 1477 rationem

49 1526 146 1579 per
184 1528 240 1562 se
280 1510 544 1578 sufficere,
585 1528 762 1580 neque
802 1529 922 1563 eam
963 1511 1031 1562 ad
1070 1510 1189 1562 illas
1229 1510 1583 1562 inveniendas
1624 1510 1871 1578 indigere
1913 1509 2047 1561 ideis
2087 1508 2272 1560 inditis

49 1594 135 1645 vel
177 1594 294 1646 aliis
333 1594 687 1662 adiumentiS,
741 1595 920 1646 Deum
961 1599 1142 1646 autem
1199 1611 1319 1646 eam
1375 1611 1701 1663 cognoscere
1756 1612 1863 1645 non
1919 1610 2112 1663 posse,
2169 1592 2273 1644 nisi

49 1678 271 1747 speciali
321 1678 578 1731 divinitus
631 1696 885 1732 concesso
936 1679 1175 1730 subsidio
1228 1678 1559 1730 adiuvetur?
1628 1678 1771 1739 Quid
1824 1678 2010 1730 enim?
2074 1677 2270 1729 Nonne

50 1760 351 1814 Concilium
379 1763 724 1828 Vaticanum,
767 1781 932 1832 quum
974 1762 1132 1830 dicat,
1173 1762 1352 1814 Deum
1392 1762 1594 1813 lumine
1636 1763 1871 1813 naturali
1911 1762 2135 1813 rationis
2175 1761 2271 1812 hu-

48 1861 238 1897 manae
280 1863 308 1897 e
348 1845 510 1898 rebus
561 1846 753 1898 creatis
795 1851 942 1897 certo
984 1846 1236 1915 cognosci
1278 1863 1462 1914 posse,
1513 1846 1697 1897 lumen
1748 1845 1996 1896 naturale
2047 1844 2271 1896 rationis

49 1944 168 1979 eam
207 1929 378 1998 ipsam
419 1929 736 1982 facultatem
776 1929 1067 1981 humanam
1110 1930 1394 1998 intelligit,
1443 1947 1550 1999 qua
1588 1930 1644 1980 in
1685 1930 1969 1995 mathesiS,
2011 1929 2271 1980 scientiae

51 2012 313 2063 naturalis
355 2018 456 2065 etc.
505 2013 763 2065 veritates
814 2014 1172 2082 inquirimus?
1242 2013 1553 2065 Secundum
1594 2013 1893 2065 doctrinam
1937 2017 2149 2077 autem,
2203 2011 2269 2062 de

54 2111 160 2163 qua
197 2095 434 2163 agimUS,
474 2096 609 2148 haec
649 2097 766 2166 ipsa
806 2096 1032 2148 facultas
1072 2096 1252 2148 Deum
1294 2114 1623 2165 cognoscere
1664 2097 1883 2165 nequit,
1938 2096 2040 2147 nisi
2080 2111 2267 2162 super-

50 2177 281 2231 addatur
323 2180 371 2230 ei
411 2180 506 2242 viS,
547 2197 684 2249 quae
726 2181 774 2231 01
814 2180 916 2249 ipsi
957 2198 1054 2248 per
1093 2198 1148 2231 se
1178 2198 1286 2231 non
1314 2180 1457 2232 insit.
1517 2180 1713 2249 Aliquo
1755 2197 1882 2231 sane
1927 2178 2269 2230 incommodo

50 2278 114 2314 ea
155 2262 400 2314 doctrina
438 2263 665 2316 laborat.
743 2263 922 2323 Quum
962 2270 1145 2315 tamen
1185 2264 1263 2315 vis
1306 2264 1414 2329 illa,
1457 2264 1584 2315 licet
1624 2282 1731 2315 non
1771 2265 1825 2314 in
1866 2263 2094 2314 caeteris
2133 2263 2272 2314 veri-

48 2345 248 2398 tatibus
297 2346 650 2415 indagandiS,
706 2347 801 2399 sed
854 2348 908 2398 in
965 2347 1078 2398 solo
1135 2347 1445 2416 quaerendo
1498 2347 1617 2399 Deo
1670 2347 1974 2398 necessaria
2028 2364 2143 2398 esse
2195 2346 2269 2398 di-

50 2433 217 2494 catur,
257 2429 398 2481 inter
438 2431 706 2481 naturalia
744 2431 950 2482 auxilia
977 2430 1167 2482 referri
1211 2431 1423 2495 debeat,
1464 2431 1557 2482 illa
1598 2431 1844 2483 doctrina
1885 2448 2006 2483 cum
2048 2429 2267 2482 decreto

51 2514 300 2581 componi
338 2519 530 2583 potest.
1848 2508 1852 2511 ⁷

193 2597 257 2648 Id
297 2602 477 2649 autem
517 2598 790 2649 difficilius
829 2599 1009 2664 fuerit,
1051 2600 1093 2650 si
1134 2599 1268 2651 haec
1310 2598 1557 2650 doctrina
1596 2599 1671 2650 113
1712 2599 2033 2666 explicetur,
2076 2605 2136 2650 ut
2175 2617 2267 2651 au-

49 2679 241 2731 xilium
281 2681 418 2732 illud
444 2699 552 2732 non
578 2682 917 2750 intelligatur
943 2683 1199 2734 subiectz'vi
1222 2683 1443 2751 aliquid,
1486 2682 1580 2734 sed
1608 2682 1813 2752 aliquid
1852 2683 2082 2749 obz'ectivi,
2123 2683 2267 2752 quod

50 2780 146 2831 per
186 2763 405 2815 modum
444 2764 615 2815 obiecti
651 2765 848 2817 rationi
876 2771 1229 2835 proponatur.
1282 2765 1422 2817 Nam
1453 2766 1542 2834 qui
1571 2765 1626 2816 id
1666 2766 1861 2817 rationi
1901 2767 2265 2818 necessarium

51 2863 166 2898 0330
208 2847 381 2914 docet,
422 2855 481 2899 ut
507 2847 686 2899 Deum
727 2854 873 2901 certo
916 2867 1242 2918 cognoscere
1283 2850 1466 2918 possit,
1506 2850 1549 2901 is
1576 2855 1758 2918 negat,
1797 2850 2063 2901 rationem
2104 2850 2265 2919 plene

51 2930 325 2982 evolutam
377 2935 537 3000 atque
591 2931 837 2983 omnibus
889 2932 990 2983 sibi
1040 2934 1272 3003 propriis
1322 2933 1527 2985 viribus
1583 2938 1797 2985 auctam
1837 2951 1860 2984 e
1894 2933 2042 2985 rebus
2090 2935 2270 2985 creatis

52 3013 229 3065 Deum
269 3019 415 3067 certo
457 3032 784 3083 cognoscere
826 3034 1000 3085 posse.
1078 3016 1154 3067 Ut
1193 3017 1370 3068 Deum
1411 3021 1558 3069 certo
1600 3022 1916 3085 cognoscat,
1969 3017 2267 3068 secundum

48 3096 197 3149 illam
249 3098 560 3167 opinionem
611 3098 1081 3150 adumbrationem
1119 3099 1225 3151 Dei
1274 3100 1483 3151 alimzcle
1521 3099 1756 3151 oblatam
1809 3099 2005 3151 viderit
2047 3117 2267 3152 necesse

50 3186 157 3245 est3
199 3199 336 3250 quae
379 3183 420 3232 si
463 3182 616 3233 deest
644 3213 712 3218 —-
740 3187 900 3251 atque
932 3183 1118 3234 deesse
1159 3189 1339 3252 potest
1368 3216 1432 3221 —
1462 3183 1640 3235 Deum
1683 3201 2010 3252 cognoscere
2049 3186 2268 3253 nequit3

49 3264 92 3314 si
121 3264 296 3331 adest,
347 3283 371 3317 e
407 3266 555 3317 rebus
592 3268 770 3318 creatis
810 3284 919 3319 non
959 3272 1068 3318 tam
1109 3266 1288 3318 Deum
1329 3273 1475 3319 certo
1518 3269 1820 3335 cognoscit,
1879 3286 2040 3337 quam
2081 3269 2267 3320 adum-

50 3346 350 3400 brationem
389 3348 494 3400 Dei
536 3350 584 3401 ei
625 3349 843 3401 aliunde
887 3349 1124 3401 oblatam
1163 3350 1386 3419 perficit.

195 3432 246 3482 A
288 3431 526 3484 Concilio
567 3438 749 3484 tamen
791 3433 996 3484 directe
1049 3433 1251 3502 petitur
1301 3434 1816 3500 traditionalismus,
1868 3440 1926 3485 ut
1966 3452 2131 3503 supra
2172 3452 2265 3486 ex-

50 3513 343 3581 posuimus,
407 3514 577 3567 Porro
608 3517 787 3568 omnia
816 3516 1247 3567 condemnantur
1276 3522 1585 3585 systemata,
1627 3518 1821 3587 quibus
1859 3517 2068 3568 ratione
2110 3522 2264 3569 natu-

50 3597 149 3648 rali
190 3602 337 3648 certa
363 3596 467 3649 Dei
507 3600 744 3668 cogni-tio
785 3600 1087 3668 comparari
1127 3618 1283 3669 posse
1323 3606 1571 3669 negatur,
1613 3602 1668 3652 id
1708 3602 1853 3670 quod
1894 3606 1948 3653 et
1988 3619 2058 3653 ex
2096 3602 2264 3669 ipsius

52 3678 255 3731 decreti
304 3680 482 3732 verbis
537 3687 591 3733 et
641 3700 710 3734 ex
766 3682 1132 3734 declaratione
1182 3683 1452 3734 Patrum1
1503 3684 1688 3752 liquet.
1765 3685 1958 3753 Itaque
2011 3685 2263 3736 condem-

53 3767 210 3813 natur
250 3779 314 3813 ea
354 3762 615 3830 doctrina,
658 3766 878 3834 quaein
906 3766 1108 3834 Anglia
1141 3767 1510 3835 agnosticismi
1551 3784 1748 3819 nomen
1790 3768 2013 3833 invenit,
2056 3773 2110 3819 et
2148 3768 2265 3818 vul-

199 3933 214 3960 1
250 3935 326 3983 Of.
363 3951 515 3997 supra
550 3953 598 3998 p.
634 3939 711 3986 35.
