2548 4290
750 212 993 254 Commeat.
1025 213 1105 253 ΙΙΙ.
1159 214 1231 253 De
1259 212 1586 266 S.-Scriptura.
2212 213 2279 263 49

61 359 285 412 homines
320 359 377 410 in
413 359 478 409 iis
514 356 788 410 scribendis
813 354 986 420 fuisse
1011 356 1350 406 instrumenta
1375 355 1468 406 sub
1494 357 1779 423 operatione
1805 355 1971 406 divini
1995 355 2223 423 Spiritus
2244 354 2277 408 1.

63 473 128 480 --
172 445 219 495 2.
260 442 324 493 In
376 440 702 510 specialibus
755 439 1093 490 documentis
1145 439 1470 490 authenticis
1524 439 1648 490 fidei
1687 439 1968 490 Ecclesiae
2021 439 2279 505 explicite

63 525 258 577 dieitur
312 524 460 576 Deus
514 522 848 591 profitendus
903 527 1078 573 auctor
1131 521 1380 573 librorum
1436 522 1716 590 utriusque
1773 521 2126 575 Testamenti.
2214 521 2280 572 In

61 608 395 679 professione
454 606 580 658 fidei
633 605 917 675 Episcopis
973 605 1286 656 ordinandis
1341 605 1674 673 praescripta
1733 605 1785 655 in
1845 604 2088 657 Concilio
2151 605 2279 657 Car-

60 691 208 759 thag.
243 690 336 746 IV.
358 688 394 754 ²,
436 706 571 758 quae
613 689 680 740 ab
721 689 784 739 iis
824 689 1001 739 adhuc
1035 705 1177 739 nunc
1215 688 1390 739 editur
1420 687 1613 753 (Hard.
1642 687 1866 739 Collect.
1907 694 1943 740 t.
1972 688 2015 739 I.
2058 706 2100 739 c.
2132 689 2278 754 978),

60 774 115 826 in
163 773 495 844 professione
546 772 670 824 fidei
724 790 754 823 a
793 772 979 823 Leone
1020 771 1119 823 IX.
1164 772 1323 822 missa
1378 771 1445 822 ad
1486 772 1710 822 Petrum
1754 772 2082 824 Antiochen.
2127 772 2278 838 (ibid.

58 863 96 909 t.
137 857 235 909 VI.
277 857 338 909 P.
380 857 423 909 I.
474 874 515 908 c.
558 856 715 921 954),
767 856 822 906 in
865 854 1111 925 symbolo
1153 855 1376 906 Graecis
1429 855 1702 923 proposito
1755 855 1810 905 in
1853 853 2095 906 Concilio
2134 855 2280 924 Lug-

59 940 186 992 dun.
223 939 295 991 Il.
339 939 490 1005 (ibid.
522 945 558 992 t.
593 939 720 992 VII.
764 956 807 989 e.
849 939 974 998 665)
1012 938 1143 989 haec
1181 937 1314 990 fides
1355 937 1695 989 enuntiatur:
1738 938 1932 1002 ,Credo
1964 938 2277 1005 (eredimus)

58 1024 219 1076 etiam
269 1024 386 1075 novi
433 1029 474 1075 et
511 1024 684 1074 veteris
730 1021 1058 1087 Testamenti,
1108 1021 1259 1090 Leyis
1306 1027 1349 1072 et
1397 1021 1773 1088 Prophetarum
1829 1028 1872 1073 et
1920 1023 2276 1090 Apostolorum

54 1123 218 1158 unum
257 1124 354 1158 esse
383 1112 634 1158 auctorem
659 1106 828 1157 Deum
856 1112 898 1157 et
928 1105 1212 1157 Dominum
1250 1106 1665 1173 omnipotentemf
1724 1105 1922 1156 Adhuc
1965 1106 2279 1174 expressius

56 1190 112 1242 in
154 1190 384 1242 Consilii
437 1190 739 1242 Florentini
791 1190 1009 1241 decreto
1061 1207 1157 1257 pro
1199 1188 1455 1240 Iacobitis
1503 1188 1646 1240 idem
1701 1189 2033 1240 declaratur:
2090 1190 2278 1241 Sacro-

56 1279 241 1326 sancta
295 1274 544 1326 Romana
597 1273 843 1324 Ecclesia
903 1290 1080 1338 ,unum
1142 1278 1290 1342 atque
1352 1272 1564 1323 eundem
1619 1272 1787 1323 Deum
1847 1274 2014 1324 veteris
2068 1279 2111 1325 et
2166 1275 2282 1324 novi

65 1356 388 1421 Testamenti,
438 1358 488 1408 li.
530 1375 596 1420 e.,
635 1357 787 1425 Leqis
824 1362 867 1408 et
904 1357 1277 1424 Prophetarum
1317 1362 1465 1424 atque
1503 1355 1771 1424 Ecanyelii
1799 1357 2075 1423 profitetur
2114 1362 2280 1408 aueto—

57 1457 179 1503 rem,
217 1443 460 1510 quoniam
497 1440 664 1492 eodem
696 1441 894 1508 Spiritu
921 1440 1102 1491 Scuzcto
1142 1441 1440 1507 inspirante,
1481 1441 1745 1508 utriusque
1778 1439 2081 1491 Testamenti
2104 1440 2281 1491 Sancti

57 1524 206 1575 locuti
240 1530 382 1589 sunt,
430 1541 649 1593 quorum
700 1525 852 1576 libros
899 1525 1108 1591 suscipit
1144 1529 1187 1574 et
1224 1529 1521 1586 veneratur,
1573 1524 1662 1591 qui
1716 1523 1884 1573 titulis
1925 1524 2276 1591 sequentibus

58 1607 420 1659 eontinentur‘
463 1607 729 1676 (sequitur
776 1608 1020 1658 recensio
1073 1606 1311 1658 omnium
1352 1606 1643 1670 librorum,
1698 1611 1756 1657 ut
1805 1606 1858 1656 in
1912 1623 2117 1657 canone
2160 1607 2276 1657 Tri-

57 1689 317 1755 dentino).
367 1690 473 1741 Hie
513 1691 679 1759 igitur
720 1691 914 1742 dicitur
942 1690 1092 1741 Deus
1131 1695 1318 1741 auctor
1353 1688 1534 1757 Legis,
1576 1689 1977 1758 Prophetarum
2019 1698 2071 1740 et
2098 1690 2274 1740 Evan-

55 1773 211 1842 gelii,
265 1779 529 1842 quatenus
586 1775 978 1843 conscriptores
1031 1774 1268 1825 omnium
1324 1772 1585 1823 librorum
1639 1772 1692 1823 S.
1745 1772 2056 1841 Scripturae
2109 1774 2275 1825 locuti

56 1862 180 1907 sunt
220 1855 528 1923 (scribendo
570 1875 765 1926 nempe
799 1858 942 1926 ipsos
982 1856 1170 1923 libros)
1202 1856 1408 1925 Spiritu
1437 1856 1636 1907 Sancto
1677 1856 2004 1924 inspirante:
2046 1856 2273 1925 proinde

57 1939 176 1990 talis
217 1945 296 1991 est
335 1940 614 2009 inspiratio
656 1940 723 1991 ad
752 1939 1113 2005 scribendum,
1156 1945 1213 1990 ut
1241 1939 1390 1990 Deus
1427 1941 1494 1990 sit
1533 1945 1721 1990 auctor
1762 1939 2041 1991 librorum.
2102 1940 2274 1992 Porro

54 2022 231 2091 ipsum
273 2022 996 2094 ConciliumlTridentinum
1037 2023 1090 2073 in
1131 2023 1270 2074 Sess.
1301 2022 1399 2074 IV.
1442 2022 1542 2073 hoc
1584 2022 1861 2073 decretum
1904 2022 2111 2091 Synodi
2153 2023 2276 2075 Flo-

55 2107 300 2158 rentinae
340 2124 469 2174 prae
512 2107 677 2159 oculis
717 2107 906 2158 habuit
942 2107 1281 2171 (l'allavicin.
1324 2107 1358 2158 l.
1400 2105 1498 2158 VI.
1546 2123 1589 2157 e.
1631 2106 1731 2158 XI.
1784 2125 1834 2156 n.
1882 2107 1986 2172 11).
2064 2106 2271 2158 Eodem

53 2189 220 2258 igitur
259 2207 418 2241 sensu
457 2190 690 2257 intelligi
732 2190 933 2242 debent
973 2190 1139 2241 verba
1179 2189 1510 2241 Tridentini:
1565 2188 1786 2251 ,Omnes
1828 2189 1992 2241 libros
2032 2194 2142 2240 tam
2183 2208 2271 2242 ve-

53 2274 183 2325 teris
224 2291 384 2342 quam
424 2274 549 2324 novi
590 2274 949 2338 Testamenti,
1000 2291 1114 2324 eum
1155 2275 1420 2342 utriusque
1458 2289 1595 2323 unus
1637 2273 1777 2323 Deus
1824 2274 1888 2323 sit
1933 2279 2110 2324 auctor
2152 2314 2161 2323 .
2207 2315 2216 2324 .
2261 2316 2271 2326 .

53 2356 270 2425 suscipit
311 2361 364 2408 et
403 2358 760 2409 veneratur.‘“

198 2441 376 2501 Quum
426 2443 591 2510 igitur
631 2442 858 2494 Consilii
900 2442 1204 2494 Tridentini
1258 2441 1497 2493 definitio
1551 2459 1647 2510 per
1698 2460 1782 2508 se,
1837 2444 1936 2494 nisi
1989 2461 2110 2494 cum
2148 2444 2271 2495 Flo-

53 2525 250 2577 rentini
290 2525 504 2577 decreto
546 2533 904 2595 comparetur,
950 2524 1118 2576 videri
1147 2525 1313 2594 possit
1341 2524 1517 2575 Deum
1550 2530 1825 2577 auctorem
1867 2525 2045 2578 dicere
2075 2527 2270 2579 utrius-

53 2626 155 2677 que
197 2608 546 2672 Testamenti,
589 2627 659 2661 sc.
701 2609 936 2661 foederis
976 2610 1063 2660 vel
1105 2609 1471 2671 oeconomiae,
1516 2608 1744 2659 Concilii
1785 2609 2040 2661 Vaticani
2080 2611 2269 2662 defini-

50 2692 196 2743 tione
242 2710 399 2744 omne
442 2692 749 2744 excluditur
788 2693 954 2744 falsae
997 2692 1376 2761 explicationis
1415 2692 1734 2761 perieulum,
1777 2711 1940 2762 quum
1982 2694 2083 2745 hac
2119 2694 2269 2747 Deus

52 2781 240 2844 aperte
281 2775 491 2826 dicatur
529 2775 778 2827 librorum
817 2776 1096 2844 utriusque
1139 2775 1474 2827 Testamenti
1514 2782 1716 2827 auctor.

197 2860 330 2912 Orta
370 2867 448 2912 est
488 2861 541 2911 in
585 2861 1003 2914 discussionibus
1045 2862 1273 2914 Concilii
1315 2863 1477 2914 etiam
1520 2863 1763 2930 quaestio
1805 2862 1870 2914 de
1913 2863 2269 2916 celeberrima

51 2945 290 2995 sententia
317 2943 482 2995 Lessii
512 2950 564 2995 et
605 2945 907 3013 aliquorum
938 2948 1051 2997 eius
1079 2946 1403 3014 aequalium,
1446 2946 1762 3013 praesertim
1791 2946 2215 2999 Lovaniensium
2231 2947 2268 2999 ³.

199 3161 211 3186 ¹
249 3161 429 3208 Iustin.
467 3161 672 3209 Cohort.
711 3163 771 3208 ad
811 3162 991 3209 Graec.
1027 3179 1073 3208 n.
1111 3165 1166 3219 8;
1219 3163 1532 3222 Athenagor.
1570 3162 1745 3223 Legat.
1783 3179 1829 3209 n.
1868 3165 1923 3222 Ως
1962 3162 2167 3224 Origen.
2205 3165 2265 3211 de

7 3230 11 3233 ⁵
54 3235 269 3296 Princip.
312 3238 341 3283 l.
380 3238 468 3283 IV.
507 3255 554 3285 n.
592 3243 618 3284 (3
658 3239 845 3299 (Migne
881 3239 934 3284 P.
974 3238 1060 3284 Gr.
1098 3239 1186 3296 VI,
1226 3240 1334 3284 255.
1373 3240 1493 3294 9073
1531 3239 1623 3296 XI,
1662 3238 1801 3298 3:34),
1841 3239 2075 3286 Ambros.
2114 3256 2190 3300 ep.
2218 3243 2261 3287 8.

53 3326 102 3357 n.
143 3313 183 3357 1.
221 3313 282 3358 ad
320 3313 475 3373 Iust.;
514 3314 803 3361 Cassiodor.
840 3314 1068 3360 Institut.
1108 3315 1202 3360 div.
1242 3315 1335 3360 litt.
1376 3330 1414 3360 c.
1456 3317 1527 3360 13.
1570 3317 1625 3359 14
1664 3315 1746 3372 (al.
1793 3314 1894 3372 16);
1950 3315 2160 3376 Gregor.
2199 3317 2263 3363 M.

53 3386 103 3432 in
140 3387 230 3434 Iob
268 3389 427 3448 praef.
465 3405 509 3435 n.
549 3392 591 3436 2.
630 3393 656 3435 3
695 3390 884 3450 (Migne
921 3389 974 3434 P.
1014 3389 1068 3436 L.
1106 3389 1246 3449 XVI,
1284 3392 1405 3449 {Ji-23
1442 3390 1601 3448 LXX,
1646 3392 1794 3449 1131,
1831 3391 2037 3448 LXXV,
2077 3392 2208 3448 517).

194 3472 208 3498 ²
245 3473 383 3520 Haec
429 3476 674 3535 professio
722 3476 865 3535 fidei,
916 3491 1044 3536 quae
1092 3476 1223 3522 inter
1272 3481 1388 3522 acta
1424 3475 1635 3521 Coneilii
1677 3476 1761 3522 [V.
1800 3476 2037 3536 Carthag.
2087 3493 2129 3524 a.
2169 3480 2262 3524 39&

54 3549 357 3608 continetur,
393 3565 492 3596 non
517 3551 718 3598 videtur
754 3552 1065 3612 praescripta
1101 3566 1210 3598 esse
1245 3567 1273 3598 a
1300 3551 1523 3598 Concilio
1563 3551 1780 3612 quodam
1807 3551 2044 3612 Carthag.
2082 3569 2126 3600 a.
2152 3555 2262 3614 398,

54 3624 186 3683 quod
223 3640 342 3670 num
380 3627 580 3672 omnino
617 3627 846 3673 habitum
885 3628 964 3686 sit,
1004 3627 1292 3685 dubitatur:
1331 3632 1407 3675 est
1445 3632 1607 3674 tamen
1649 3628 2015 3688 antiquissima,
2053 3643 2119 3675 se.
2156 3645 2263 3677 sae-

50 3699 146 3744 culi
184 3699 243 3746 V.
278 3700 357 3747 vel
395 3705 530 3747 certe
566 3702 655 3749 VI.
694 3702 769 3750 Of.
820 3703 1013 3762 Hefele,
1051 3702 1605 3763 Conciliengeschiehte
1644 3702 1707 3759 (2.
1745 3702 1896 3758 Aufl.)
1940 3703 2004 3762 ΙΙ,
2042 3719 2086 3763 p.
2117 3706 2193 3751 68.

195 3785 211 3812 ³
249 3788 323 3834 De
358 3787 451 3833 hac
499 3790 748 3835 sententia
794 3789 856 3835 cf.
894 3789 933 3835 I.
971 3788 1225 3847 Kleutgen
1261 3788 1308 3835 S.
1346 3789 1417 3847 L,
1465 3788 1522 3834 R.
1560 3788 1614 3834 P.
1650 3788 1902 3834 Leonardi
1940 3788 2099 3835 Lessii
2136 3790 2181 3836 S.
2220 3791 2260 3838 I.

54 3860 112 3906 de
150 3861 316 3908 divina
351 3863 681 3923 inspiratione
730 3864 960 3911 doctrina
1001 3879 1026 3910 e
1067 3864 1382 3910 documentis
1414 3878 1645 3923 magnam
1682 3868 1875 3923 partem
1913 3863 2114 3911 ineditis
2150 3865 2260 3912 illu-

52 3940 212 3983 strata
238 3943 287 3983 et
312 3939 604 3998 ponderata.
653 3938 904 3997 (Habetur
929 3940 1128 3987 libellus
1159 3939 1309 3986 etiam
1345 3943 1588 4000 tanquam
1614 3939 1866 3999 appendix
1889 3939 1941 3985 in
1967 3940 2025 3987 G.
2046 3941 2261 3989 Schnee-

138 4018 463 4058 Granderaffli,
495 4022 654 4053 constit.
677 4021 844 4061 dogmat.
1884 4021 1911 4058 4
