2548 4290
180 174 426 217 Comment.
459 174 585 215 VIII.
640 173 717 215 SS.
751 173 983 214 Pontificis
1016 173 1330 228 infallibilitas,
1363 187 1470 215 num
1500 176 1764 229 personalis,
1797 181 2003 228 separata
2035 180 2116 216 etc.
2183 175 2277 224 181

68 324 193 372 sunt
227 316 470 370 Concilia
508 316 596 369 vel
636 316 798 368 etiam
840 317 1063 369 consilia
1101 316 1524 386 Episcoporum,
1569 317 1957 383 Cardinalium,
1997 316 2282 384 theologo-

70 419 187 454 rum
228 405 329 452 etc.
408 400 562 452 Haec
602 400 780 452 media
819 418 917 470 pro
959 400 1272 452 diversitate
1314 418 1494 452 rerum
1545 402 1732 470 utique
1774 407 1899 453 sunt
1939 401 2180 465 diversa,
2233 406 2285 451 et

73 485 161 555 pie
201 483 460 536 debemus
489 483 730 550 credere,
773 484 918 553 quod
957 484 1013 535 in
1054 484 1236 535 divina
1275 484 1580 536 assistentia
1606 484 1770 536 Petro
1813 490 1865 536 et
1893 483 2287 536 successoribus

68 567 184 621 eius
231 584 262 618 a
302 566 515 618 Christo
557 566 792 619 Domino
846 566 991 619 facta
1041 567 1201 619 simul
1259 568 1421 618 etiam
1473 568 1814 619 contineatur
1854 567 2135 637 promissio
2178 583 2287 618 me-

68 651 299 715 diorum,
340 667 478 719 quae
518 650 826 702 necessaria
865 657 1098 721 aptaque
1139 656 1263 703 sunt
1302 650 1369 701 ad
1409 650 1789 702 affirmandum
1829 650 2116 702 infallibile
2146 650 2286 701 Pon-

70 733 226 786 tificis
264 732 539 785 iudicium.

218 816 485 882 „Demum
514 817 723 886 Papam
763 835 869 869 non
910 835 1239 886 separamUS,
1281 825 1333 870 et
1373 819 1460 870 vel
1487 818 1706 869 minime
1748 833 2057 885 separamus
2094 834 2125 868 a
2164 832 2288 867 con·
2324 858 2330 869 ,

67 917 229 952 sensu
268 899 571 966 Ecclesiae,
625 901 915 953 dummodo
957 918 1248 953 consensus
1287 903 1387 954 iste
1442 919 1551 954 non
1605 907 1837 970 ponatur
1893 917 1992 951 ceu
2034 898 2288 963 conditio,

68 983 183 1036 sive
223 983 290 1034 sit
332 1000 623 1035 consensus
662 984 993 1037 antecedens
1034 985 1147 1036 sive
1188 986 1255 1037 sit
1294 1002 1645 1054 consequens.
1722 983 1845 1035 Non
1887 1000 2169 1051 possumus
2209 999 2287 1033 se-

71 1084 264 1137 parare
304 1067 512 1136 Papam
553 1085 583 1119 a
624 1085 889 1120 consensu
917 1068 1212 1134 Ecclesiae,
1254 1070 1379 1138 quia
1419 1069 1502 1120 hic
1543 1084 1834 1120 consensus
1873 1084 2151 1136 nunquam
2190 1066 2291 1134 ipsi

68 1150 259 1203 deesse
301 1156 493 1219 potest.
572 1150 708 1203 Cum
748 1152 892 1203 enim
934 1152 1217 1218 credimus,
1266 1153 1474 1221 Papam
1515 1169 1613 1221 per
1651 1151 2010 1202 assistentiam
2054 1149 2290 1200 divinam

69 1250 187 1286 esse
227 1233 598 1298 infallibilem,
657 1252 720 1286 eo
761 1235 876 1303 ipso
917 1236 1078 1286 etiam
1133 1236 1416 1300 credimus,
1457 1236 1521 1286 iis
1574 1233 1974 1286 definitionibus
2015 1250 2291 1284 assensum

72 1316 352 1369 Ecclesiae
392 1335 500 1369 non
541 1335 655 1370 esse
686 1318 1027 1383 defuturum,
1070 1336 1189 1370 cum
1231 1319 1346 1371 fieri
1386 1337 1492 1371 non
1534 1318 1717 1388 possit,
1759 1317 1903 1386 quod
1943 1333 2136 1384 corpus
2162 1315 2291 1385 Epi-

69 1417 360 1471 scoporum
414 1407 697 1471 separetur
747 1420 778 1453 a
818 1420 912 1454 suo
954 1403 1155 1472 capite,
1216 1409 1269 1454 et
1319 1420 1440 1454 cum
1480 1401 1727 1453 Ecclesia
1767 1401 2020 1452 universa
2061 1399 2292 1451 deficere

73 1501 181 1536 non
221 1484 405 1552 possit.
465 1484 806 1553 Impossibile
848 1486 988 1537 enim
1033 1491 1127 1553 est,
1169 1486 1481 1554 generalem
1523 1484 1955 1536 obscurationem
1996 1483 2193 1552 spargi,
2235 1487 2293 1532 ut

72 1566 326 1636 Synodus
366 1567 710 1619 Pistoriensis
751 1568 962 1634 aiebat,
1016 1586 1179 1635 super
1232 1569 1487 1620 veritates
1537 1567 1799 1636 gravioris
1850 1566 2109 1619 momenti
2148 1581 2295 1634 spec-

77 1655 254 1702 tantes
296 1650 364 1702 ad
404 1651 778 1719 religionem.“

222 1733 448 1795 Quaerit
501 1735 720 1786 tandem
775 1734 955 1803 Episc.
1012 1735 1352 1787 Brixinensis
1405 1736 1461 1786 in
1516 1734 1707 1787 eadem
1762 1734 2027 1785 relatione
2061 1732 2094 1799 ¹,
2157 1749 2293 1801 „quo

72 1835 236 1870 sensu
275 1818 634 1871 infallibilitas
675 1819 953 1871 Pontificis
993 1819 1228 1872 Romani
1269 1821 1336 1872 sit
1375 1819 1653 1871 absoluta“.
1724 1816 2081 1886 „Respondeo
2125 1824 2177 1868 et
2217 1817 2294 1867 in-

74 1920 254 1972 genue
295 1902 523 1965 fateor“,
575 1903 777 1972 inquit,
831 1902 1011 1969 „nullo
1053 1904 1105 1954 in
1148 1921 1308 1955 sensu
1359 1902 1718 1954 infallibilitas
1769 1900 2044 1970 pontificia
2084 1904 2165 1951 est
2205 1898 2295 1950 ab·

74 1985 279 2052 soluta3
320 2004 444 2037 nam
484 1986 842 2038 infallibilitas
882 1986 1130 2039 absoluta
1168 1988 1427 2057 competit
1466 1987 1564 2038 soli
1599 1986 1737 2050 De0,
1779 1986 1986 2054 primae
2028 1990 2081 2036 et
2120 2001 2298 2036 essen-

77 2069 195 2120 tiali
234 2070 477 2136 veritati,
528 2071 617 2139 qui
671 2070 862 2121 nullibi
915 2075 967 2122 et
1007 2089 1285 2140 nunquam
1338 2070 1528 2122 fallere
1580 2074 1633 2121 et
1671 2068 1786 2120 falli
1837 2072 2031 2138 potest.
2110 2067 2297 2119 Omnis

78 2153 188 2205 alia
246 2152 605 2205 infallibilitas
664 2158 853 2222 utpote
909 2155 1304 2206 communicata
1361 2153 1429 2206 ad
1484 2159 1691 2205 certum
1745 2152 1908 2203 finem
1958 2151 2123 2203 habet
2177 2168 2298 2202 suos

79 2236 278 2288 limites
319 2241 372 2288 et
411 2255 532 2288 suas
573 2237 935 2303 conditiones,
988 2238 1085 2290 sub
1127 2238 1321 2307 quibus
1361 2238 1550 2289 adesse
1599 2242 1865 2288 censetur.
1942 2234 2095 2286 Idem
2136 2235 2296 2286 etiam

81 2320 226 2372 valet
267 2319 331 2372 de
373 2320 763 2373 infallibilitate
803 2321 1038 2374 Romani
1077 2321 1376 2374 Pontificis.
1439 2321 1619 2373 Etiam
1659 2320 1794 2372 haec
1836 2319 1996 2371 certis
2036 2318 2298 2369 limitibus

78 2407 136 2456 et
176 2403 575 2455 conditionibus
616 2410 697 2456 est
723 2404 1006 2470 adstricta3
1050 2423 1318 2474 quaenam
1359 2422 1487 2456 vero
1528 2405 1633 2455 sint
1669 2421 1765 2456 eae
1795 2401 2151 2466 conditioneS,
2191 2419 2299 2453 non

77 2504 113 2538 a
151 2487 335 2556 priori,
376 2487 473 2539 sed
512 2505 580 2539 ex
621 2488 739 2557 ipsa
777 2489 1133 2557 promissione
1161 2489 1274 2540 sive
1304 2487 1740 2539 manifestatione
1782 2485 2075 2538 voluntatis
2103 2484 2300 2536 Christi

81 2569 246 2622 debet
286 2569 499 2622 deduci.
577 2570 722 2630 Quid
776 2572 879 2622 iam
936 2589 1003 2623 ex
1048 2571 1246 2623 Christi
1298 2571 1651 2638 promissione
1692 2570 1857 2621 Petro
1911 2574 1963 2621 et
2009 2569 2301 2620 successori

80 2652 326 2706 eiusdem
387 2652 530 2705 facta
588 2654 765 2722 quoad
820 2655 914 2706 has
974 2655 1309 2707 conditiones
1361 2654 1752 2722 consequitur?
1828 2653 2085 2704 Promisit
2136 2652 2300 2703 Petro

83 2735 285 2788 donum
325 2736 653 2789 inerrantiae
694 2738 748 2788 in
797 2738 964 2806 ipsius
1005 2739 1269 2790 relatione
1308 2737 1378 2788 ad
1416 2737 1715 2789 Ecclesiam
1765 2736 2158 2788 universalem:
2221 2734 2299 2786 Tu

78 2837 132 2872 es
170 2820 369 2884 Petrus‘,
406 2825 449 2871 et
484 2837 638 2888 super
674 2820 806 2871 hanc
844 2821 1050 2872 Petram
1090 2820 1368 2888 aedificabo
1403 2820 1678 2871 Ecclesiam
1716 2837 1901 2885 meam;
1938 2825 1980 2870 et
2015 2824 2191 2887 portae
2228 2820 2305 2870 in-

74 2903 187 2971 feri
234 2920 335 2955 non
380 2903 743 2971 praevalebunt
788 2904 1030 2955 adversus
1079 2921 1190 2955 eccm
1209 2902 1246 2955 ².
1286 2944 1297 2956 .
1338 2944 1348 2955 .
1423 2903 1579 2955 Pasce
1616 2920 1723 2954 oves
1761 2919 1895 2954 meas
1906 2943 1919 2967 ,
1963 2919 2111 2970 pasce
2149 2918 2304 2970 coquos

83 3004 216 3039 meos
233 2985 271 3038 ³.
336 2987 532 3039 Petrus
574 2994 732 3039 extra
772 2987 910 3038 hanc
950 2988 1272 3039 relationem
1312 2986 1379 3038 ad
1418 2986 1718 3038 Ecclesiam
1759 2986 2122 3037 universalem
2162 2985 2301 3054 posi-

85 3076 170 3122 tus
209 3071 263 3122 in
305 3070 413 3123 suis
454 3070 853 3123 successoribus
893 3072 996 3123 hoc
1023 3072 1266 3123 veritatis
1308 3070 1631 3122 charismate
1661 3087 1730 3121 ex
1773 3076 1918 3121 certa
1957 3069 2051 3120 illa
2078 3069 2303 3137 promis-

82 3154 235 3206 sione
278 3152 477 3206 Christi
515 3172 624 3206 non
675 3154 896 3221 gaudet.
972 3153 1210 3205 Proinde
1251 3171 1441 3222 reapse
1493 3152 1850 3204 infallibilitas
1890 3152 2124 3204 Romani
2162 3152 2304 3203 Pon·
2345 3168 2354 3186 ν

11 3295 16 3299 ,
84 3237 243 3289 tificis
300 3238 549 3289 restricta
604 3242 685 3289 est
744 3237 953 3289 ratione
1000 3236 1229 3302 subiecti,
1284 3235 1502 3306 quando
1554 3236 1707 3305 Papa
1756 3235 1992 3303 loquitur
2046 3242 2302 3304 tanquam

85 3320 274 3372 doctor
300 3320 621 3373 universalis
649 3326 702 3372 et
735 3320 900 3372 iudex
928 3338 1210 3389 supremus
1239 3320 1294 3370 in
1324 3319 1598 3371 Cathedra
1623 3319 1789 3383 Petri,
1831 3318 1884 3368 id
1915 3323 1995 3370 est
2018 3318 2072 3369 in
2100 3323 2303 3381 centrO,

85 3403 440 3471 constitutus,
495 3404 743 3456 restricta
783 3409 863 3455 est
900 3404 1110 3456 ratione
1152 3403 1344 3468 obiecti,
1396 3401 1611 3472 quando
1653 3402 1831 3470 agitur
1873 3400 1937 3453 de
1976 3401 2138 3453 rebus
2178 3400 2305 3452 fidei

86 3491 142 3538 et
180 3504 417 3551 morum3
476 3491 529 3539 et
578 3488 789 3539 ratione
829 3492 995 3553 actus,
1046 3487 1260 3555 quando
1302 3486 1515 3553 definit,
1572 3485 1701 3555 quid
1741 3485 1809 3536 sit
1848 3484 2175 3537 credendum
2216 3485 2305 3536 vel

89 3570 445 3623 reiiciendum
486 3570 552 3622 ab
596 3570 843 3623 omnibus
884 3569 1084 3622 Christi
1124 3569 1423 3622 fidelibus.“

234 3653 405 3705 Erant
445 3660 627 3705 autem
667 3654 808 3705 inter
848 3654 1057 3720 PatreS,
1100 3653 1192 3722 qui
1233 3652 1516 3705 Summum
1544 3652 1865 3704 Pontificem
1904 3653 1959 3703 in
2000 3651 2307 3703 definienda

88 3735 271 3803 aliqua
325 3735 571 3788 doctrina
623 3736 698 3787 ita
758 3754 788 3787 a
839 3736 1060 3788 consilio
1117 3735 1513 3805 Episcoporum
1569 3735 1657 3787 vel
1713 3750 1977 3785 consensu
2026 3733 2304 3787 Ecclesiae

238 3909 252 3936 ¹
292 3909 344 3958 O.
382 3910 442 3956 V.
481 3910 619 3957 400d
657 3925 763 3971 sqq.
943 3908 960 3936 ²
996 3910 1175 3957 Matth.
1218 3910 1292 3968 16,
1335 3910 1406 3955 18.
1586 3906 1601 3933 ³
1640 3909 1815 3954 Ioann.
1853 3907 1932 3966 21,
1974 3908 2030 3954 15
2070 3923 2174 3969 sqq.
