2548 4290
177 130 284 183 228
364 133 479 175 Pars
512 133 570 173 ΙΙ.
621 131 777 174 Const.
811 131 867 173 de
898 131 1024 173 Eccl.
1091 130 1202 187 Cap.
1236 132 1318 173 111.
1366 132 1477 187 Ipsa
1510 131 1705 176 Constit.
1740 146 1843 175 cum
1875 133 2267 179 adnotationibus.

326 277 425 347 [6.]
450 278 506 331 Si
531 278 651 348 quis
671 279 858 349 itaque
883 278 1105 345 dixerit,
1134 278 1451 331 Romanum
1472 278 1801 333 Pontificem
1830 281 2038 335 habere
2068 283 2452 338 tantummodo

176 362 416 416 officium
460 363 819 432 inspectionis
859 364 950 416 vel
993 363 1340 432 directionis,
1394 382 1504 417 non
1546 369 1732 418 autem
1774 366 1996 436 plenam
2038 373 2094 420 et
2132 386 2447 439 supremam

173 526 523 574 Romanorum
573 527 882 576 Pontificum
932 528 997 575 ad
1047 527 1438 575 oecumenicum
1488 528 1725 576 futurum
1763 527 2048 577 Concilium
2100 534 2348 594 tanquam
2385 534 2450 581 acl·

174 604 539 652 auctoritatem
579 604 709 653 Sede
745 605 980 653 Romana
1029 605 1349 667 superiorem
1397 605 1686 668 appellare,
1739 606 1997 670 huiusque
2034 608 2288 670 opinionis
2326 626 2453 658 suae

171 681 267 728 hoc
307 681 484 729 afferri
520 682 947 742 fundamentum,
1004 683 1143 745 quod
1192 683 1462 746 plenitudo
1512 684 1787 747 potestatis
1824 701 1928 733 non
1966 686 2031 734 sit
2069 702 2227 749 penes
2263 687 2453 736 Roma»

171 775 292 807 num
332 760 653 821 Pontificem,
693 762 782 810 sed
819 777 977 824 penes
1002 762 1289 825 Episcopos
1326 762 1379 809 in
1417 778 1576 809 unum
1615 762 1877 825 collectos,
1918 765 2160 827 quodque
2185 765 2445 814 Romanus

171 838 417 887 Pontifex
455 839 521 887 sit
559 840 766 901 quidem
805 840 1042 902 superior
1079 839 1350 902 Episcopis
1389 840 1606 902 singulis
1644 856 1907 900 seorsum,
1947 842 2036 890 sed
2072 858 2177 890 non
2214 844 2456 893 omnibus

171 932 274 963 una
313 919 364 964 et
401 916 567 964 simul.
620 916 789 974 Quum
827 918 987 980 igitur
1025 918 1421 966 fundamentum
1460 918 1557 965 hoc
1584 934 1675 981 pro
1715 922 1939 980 utraque
1978 935 2072 968 sua
2108 925 2255 983 parte
2293 922 2448 970 fuerit

171 994 409 1056 superius
449 995 764 1056 damnatum,
802 996 1132 1059 reprobanda
1167 996 1280 1044 iure
1316 996 1593 1045 videbatur
1632 998 1890 1045 sententia
1916 997 2053 1046 circa
2077 999 2449 1061 appellationes

170 1072 235 1119 ad
262 1070 565 1134 Concilium,
604 1090 732 1136 quas
763 1091 880 1123 cum
908 1075 1269 1123 detestationis
1295 1078 1420 1122 nota
1456 1074 1668 1123 confixit
1701 1076 1753 1123 in
1780 1074 1985 1138 Synodo
2011 1076 2295 1125 Mantuana
2324 1078 2450 1126 1459

170 1150 292 1198 Pius
331 1151 401 1200 Π.
440 1151 592 1200 Bulla
631 1150 1008 1214 ,Execrabilis‘,
1059 1169 1191 1216 quae
1228 1154 1477 1201 innovata
1514 1169 1544 1200 a
1582 1153 1726 1201 Sixto
1765 1153 1857 1201 IV.
1906 1156 1958 1202 et
1995 1154 2128 1203 Iulio
2167 1154 2237 1202 II.
2286 1160 2338 1204 et
2374 1172 2453 1205 re-

171 1233 322 1290 cepta
372 1246 579 1294 quoque
617 1232 667 1279 in
707 1231 911 1279 Bullam
946 1247 1139 1280 coenae
1176 1236 1270 1279 art.
1311 1233 1357 1278 2.
1397 1231 1470 1279 ita
1506 1231 1690 1280 habet:
1740 1232 2084 1292 ,Execrabilis
2133 1237 2184 1282 et
2220 1234 2452 1295 pristinis

169 1309 488 1369 temporibus
525 1310 791 1358 inauditus
829 1314 1139 1373 tempestate
1177 1313 1358 1358 nostra
1395 1309 1611 1358 inolevit
1649 1311 1860 1372 abusus,
1901 1314 1957 1358 ut
1993 1327 2023 1358 a
2060 1311 2292 1360 Romano
2319 1311 2455 1361 Pon-

170 1385 333 1446 tifice,
384 1388 505 1435 Iesu
541 1386 738 1436 Christi
773 1389 992 1449 vicario,
1043 1389 1125 1436 cui
1165 1388 1359 1436 (lictum
1410 1392 1489 1436 est
1526 1389 1577 1436 in
1617 1404 1840 1450 persona
1887 1389 2027 1438 beati
2065 1389 2238 1438 Petri:
2289 1390 2456 1439 Pasce

169 1479 291 1512 oves
329 1481 498 1526 meas,
549 1470 623 1514 et:
678 1466 1039 1530 Quodcunque
1090 1466 1331 1529 ligaveris
1371 1504 1381 1513 .
1421 1505 1430 1514 .
1472 1504 1481 1514 .
1519 1466 1754 1514 nonnulli
1804 1467 1991 1529 spiritu
2028 1468 2326 1516 rebellionis
2362 1469 2455 1516 im-

170 1544 300 1604 buti,
339 1559 444 1592 non
483 1545 703 1593 sanioris
742 1546 1031 1608 cupiditate
1068 1545 1272 1606 iudicii,
1317 1545 1405 1593 sed
1444 1546 1701 1593 commissi
1740 1546 1982 1594 evasione
2018 1547 2235 1608 peccati,
2274 1546 2339 1594 ad
2375 1547 2455 1594 fu-

168 1625 345 1670 turum
384 1621 674 1671 Concilium
713 1638 996 1686 provocare
1035 1628 1388 1685 praesumant.
1418 1662 1426 1670 .
1458 1662 1467 1671 .
1527 1623 1779 1671 Volentes
1817 1624 1977 1686 igitur
2013 1624 2111 1671 hoc
2146 1624 2450 1686 pestiferum

167 1699 310 1747 virus
347 1716 377 1747 a
416 1699 609 1749 Christi
647 1701 880 1749 Ecclesia
917 1702 1099 1764 procul
1137 1701 1331 1764 pellere
1370 1705 1421 1749 et
1458 1701 1629 1748 ovium
1668 1701 1815 1749 nobis
1865 1702 2251 1749 commissarum
2298 1702 2455 1750 saluti

169 1778 470 1840 consulere,
522 1794 831 1842 omnemque
868 1780 1139 1828 materiam
1179 1779 1409 1827 scandali
1447 1780 1510 1827 ab
1552 1779 1672 1827 ovili
1722 1780 1888 1827 nostri
1926 1779 2209 1828 Salvatoris
2257 1796 2453 1842 arcere,

169 1855 230 1903 de
278 1857 651 1905 venerabilium
702 1858 924 1906 fratrum
973 1862 1271 1906 nostrorum
1323 1856 1370 1905 S.
1420 1857 1479 1905 R.
1526 1857 1583 1905 E.
1636 1856 1992 1905 Cardinalium
2042 1861 2455 1922 cunctorumque

167 1934 521 1996 praelatorum
559 1952 619 1984 ac
657 1937 814 1984 divini
855 1941 905 1985 et
942 1937 1156 1985 humani
1194 1937 1320 1984 iuris
1358 1937 1703 1999 interpretum
1742 1935 1939 1984 curiam
1979 1936 2308 1999 sequentium
2335 1952 2457 1985 con-

168 2013 281 2061 silio
321 2017 371 2061 et
409 2030 626 2063 assensu
666 2020 716 2064 et
755 2020 897 2063 certa
936 2014 1171 2075 [Nostra]
1213 2015 1429 2063 scientia
1465 2014 1763 2062 huiusmodi
1800 2015 2195 2076 provocationes
2245 2016 2454 2063 damna-

167 2106 280 2138 mus
319 2096 370 2139 et
408 2096 654 2155 tanquam
696 2108 941 2142 erroneas
995 2110 1055 2141 ac
1103 2092 1439 2142 detestabiles
1489 2089 1862 2154 reprobamuS.‘
1933 2092 2000 2140 Et
2047 2096 2219 2141 tamen
2258 2093 2454 2155 Fleury

167 2169 352 2229 ,Nouv.
403 2170 599 2233 opusc.‘
639 2172 808 2232 (Paris
850 2171 997 2232 1807)
1049 2172 1308 2219 disserens
1359 2171 1421 2219 de
1458 2171 1789 2219 libertatibus
1828 2171 2094 2219 Ecclesiae
2137 2171 2448 2234 gallicanae:

167 2248 327 2307 ,Nous
368 2248 633 2312 croyons‘,
672 2251 866 2314 inquit,
919 2251 1064 2313 ,qu'il
1102 2255 1180 2299 est
1216 2251 1407 2313 permis
1446 2249 1708 2312 d’appeler
1747 2249 1814 2296 du
1851 2249 1992 2311 Pape
2033 2265 2099 2297 au
2137 2250 2283 2298 futur
2320 2248 2457 2297 Con-

166 2327 293 2388 cile,
345 2331 664 2378 nonobstant
711 2331 786 2378 les
825 2330 1002 2378 Bulles
1041 2329 1104 2378 de
1141 2329 1232 2377 Pie
1273 2329 1336 2376 [l.
1385 2333 1436 2376 et
1474 2328 1536 2376 de
1574 2328 1715 2376 Iules
1753 2328 1823 2376 II.
1875 2329 1962 2391 qui
2010 2328 2141 2376 l'ont
2189 2326 2454 2376 defendu.‘

167 2406 249 2453 Ad
287 2407 630 2467 perniciosam
681 2408 935 2456 eiusmodi
982 2407 1349 2470 appellationis
1399 2406 1713 2466 doctrinam,
1764 2421 1899 2468 quae
1948 2421 2156 2468 serpere
2202 2421 2306 2454 non
2343 2421 2453 2454 ces-

168 2485 318 2545 savit,
358 2486 792 2548 exstinguendam
831 2486 1175 2549 proscribitur
1201 2486 1253 2532 in
1281 2485 1542 2533 schemate
1569 2484 1761 2533 diserte
1799 2500 1903 2532 una
1941 2499 2054 2531 cum
2092 2484 2452 2544 fundamento,

167 2564 250 2611 cui
287 2564 542 2624 innititur,
582 2565 693 2627 ipsa
718 2565 975 2614 sententia
1003 2564 1303 2624 dicentium,
1343 2563 1516 2624 ,licere
1544 2564 1605 2611 ab
1644 2562 1850 2611 iudiciis
1886 2562 2238 2610 Romanorum
2276 2563 2451 2610 Ponti-

165 2640 318 2689 ficum
373 2642 436 2689 ad
485 2643 721 2690 futurum
770 2643 1015 2705 generale
1053 2641 1342 2690 Concilium
1395 2646 1640 2704 tanquam
1694 2641 1757 2688 ad
1810 2639 2179 2688 auctoritatem
2214 2639 2452 2687 Romano

166 2720 418 2768 Pontifice
467 2721 787 2783 superiorem
838 2719 1152 2784 appellare‘:
1204 2720 1392 2782 quibus
1445 2720 1598 2767 simul
1650 2719 1732 2766 vel
1779 2719 1942 2766 multo
1982 2718 2138 2766 etiam
2176 2718 2339 2779 magis
2378 2717 2451 2765 di-

167 2799 329 2847 cenda
380 2799 587 2846 videtur
636 2800 927 2862 proscripta
979 2799 1258 2862 appellatio
1310 2814 1339 2845 a
1389 2798 1593 2845 iudiciis
1632 2797 1984 2845 Romanorum
2020 2795 2330 2844 Pontificum
2384 2795 2451 2842 ad

168 2877 475 2925 sententiam
503 2878 878 2939 Episcoporum
919 2878 1286 2940 dispersorum.
1339 2876 1584 2925 Ceterum
1622 2876 1674 2923 in
1711 2874 2049 2937 reprobandis
2087 2873 2449 2936 appellationi-

166 2955 263 3003 bus
298 2956 596 3018 praeiverat
621 2956 870 3004 Nicolaus
898 2957 938 3004 Ι.
978 2972 1055 3018 ep.
1093 2956 1159 3003 ad
1184 2955 1487 3003 Michaelem
1519 2955 1891 3016 Imperatorem
1918 2969 2035 3000 ann.
2063 2953 2159 2999 865
2186 2951 2448 3000 scribens:

168 3034 294 3095 ‚Ista
334 3034 492 3096 igitur
528 3035 799 3097 privilegia
837 3035 991 3082 huius
1031 3038 1241 3081 sanctae
1280 3033 1546 3081 Ecclesiae
1583 3048 1612 3079 a
1650 3031 1857 3080 Christo
1897 3031 2112 3091 donata,
2156 3046 2186 3077 a
2223 3028 2445 3091 Synodis

165 3128 269 3159 non
308 3113 513 3172 donata,
555 3112 643 3159 sed
682 3113 783 3160 iam
821 3112 1145 3161 solummodo
1185 3112 1448 3160 celebrata
1487 3115 1538 3159 et
1574 3107 1867 3170 venerata‘3
1917 3113 2026 3157 tum
2052 3108 2250 3171 pergit:
2293 3106 2449 3167 ‚Quo-

165 3191 329 3252 niam,
370 3207 483 3238 cum
525 3191 809 3239 secundum
849 3206 1103 3250 canones,
1158 3190 1246 3237 ubi
1284 3194 1363 3238 est
1399 3189 1564 3236 maior
1600 3189 1914 3249 auctoritas,
1953 3186 2200 3235 iudicium
2238 3185 2450 3233 inferio-

165 3285 278 3316 rum
318 3270 383 3316 sit
423 3268 791 3330 deferendum,
844 3268 909 3316 ad
965 3268 1350 3316 dissolvendum
1389 3267 1586 3314 scilicet
1631 3265 1711 3314 vel
1761 3265 1826 3313 ad
1872 3263 2248 3313 roborandum:
2301 3266 2447 3325 patet

165 3348 432 3409 profecte,
488 3347 633 3395 Sedis
671 3347 1034 3409 Apostolicae,
1090 3347 1235 3394 cuius
1286 3347 1601 3394 auctoritate
1637 3345 1800 3392 maior
1836 3359 1939 3391 non
1978 3346 2082 3403 est,
2131 3342 2374 3389 iudicium
2414 3356 2448 3388 a

164 3425 369 3474 nemine
407 3425 519 3473 fore
557 3425 980 3485 retractandum,
1030 3441 1200 3488 neque
1238 3425 1479 3486 cuiquam
1531 3424 1593 3471 de
1631 3423 1740 3470 eius
1778 3422 1931 3470 liceat
1967 3421 2198 3468 iudicare
2235 3418 2445 3467 iudicio.

165 3503 430 3567 Siquidem
468 3504 533 3551 ad
579 3504 719 3551 illam
769 3504 832 3551 de
881 3503 1111 3566 qualibet
1148 3502 1327 3550 mundi
1373 3506 1520 3565 parte
1569 3516 1789 3549 canones
1838 3499 2087 3562 appellari
2136 3497 2440 3550 voluerunt:

166 3583 227 3630 ab
267 3582 355 3629 illa
394 3585 567 3629 autem
607 3597 754 3629 nemo
794 3581 860 3629 sit
898 3581 1158 3644 appellare
1196 3576 1511 3644 permissus.‘
1570 3578 1704 3625 Hinc
1742 3578 1847 3625 Leo
1886 3577 1977 3624 IX.
2016 3575 2318 3624 Michaelem
2347 3574 2442 3623 Ce-

166 3659 418 3706 rularium
457 3663 508 3707 et
544 3659 769 3707 Leonem
810 3659 1128 3706 Acridanum
1166 3675 1244 3721 ep.
1283 3674 1324 3706 c.
1368 3660 1443 3706 11.
1481 3657 1826 3718 redarguens:
1875 3649 2313 3715 ,Praeiudicium‘,
2365 3651 2441 3698 in-

167 3737 294 3799 quit,
332 3737 587 3796 ,faciendo
616 3736 855 3785 Summae
882 3736 1016 3796 Sedi,
1056 3736 1119 3783 de
1159 3752 1260 3799 qua
1295 3750 1389 3783 nec
1422 3734 1668 3782 iudicium
1705 3733 1829 3781 licet
1863 3733 2036 3780 facere
2074 3731 2312 3793 cuiquam
2350 3729 2441 3775 ho-

165 3815 386 3876 minum,
435 3815 712 3862 anathema
760 3815 1031 3877 accepistis
1080 3816 1144 3863 ab
1195 3814 1451 3861 universis
1489 3812 1734 3860 Patribus
1785 3812 2011 3859 omnium
2062 3807 2435 3857 venerabilium

167 3891 559 3953 Conciliorum‘3
610 3897 660 3940 et
698 3909 739 3940 c.
778 3894 882 3940 32:
921 3892 1083 3953 ‚Sicut
1120 3891 1275 3940 cardo
1314 3890 1588 3938 immobilis
1626 3904 1931 3952 permanens
1971 3888 2112 3935 ducit
2150 3890 2199 3935 et
2235 3885 2439 3933 reducit

166 3970 381 4029 ostium,
436 3972 506 4018 sic
545 3971 731 4019 Petrus
771 3975 820 4019 et
859 3972 938 4019 sui
975 3986 1299 4019 successores
1336 3969 1556 4017 liberum
1596 3967 1658 4015 de
1692 3967 1829 4015 omni
1864 3965 2098 4014 Ecclesia
2132 3964 2327 4011 habent
2362 3962 2439 4010 iu-
