2548 4290
203 73 271 125 62
424 74 551 114 Ρ615.
578 72 613 114 Ι.
657 70 813 114 Const.
842 71 895 113 de
920 70 1023 112 fide.
1076 69 1186 125 Cap.
1214 70 1273 111 11.
1320 69 1737 111 Commentationes
1773 68 1828 110 de
1861 69 2097 123 aliquibus
2131 69 2259 111 locis.

348 219 467 273 Nec
510 217 708 271 desunt
747 217 1007 284 16110665,
1050 234 1146 269 6111·
1188 233 1252 269 60
1296 232 1461 268 566511
1503 214 1751 268 definitio
1794 214 2108 267 conciliaris
2149 214 2486 287 explicanda
2545 269 2548 274 ,

202 322 320 358 6556
350 303 620 357 616(161111.
674 301 900 355 Etenim
935 305 1010 369 10,
1052 301 1097 354 si
1138 318 1249 353 non
1290 300 1476 370 agitur
1519 299 1587 352 de
1631 317 1796 352 causa
1834 299 2099 353 subiective
2130 300 2290 367 iusta,
2332 300 2487 353 nulla

203 389 423 442 videtur
464 387 802 442 definitionis
859 404 978 440 esse
1031 387 1208 453 ratio,
1263 403 1433 455 quum
1487 402 1586 456 per
1628 403 1683 438 56
1726 389 1944 456 1161661,
2003 385 2233 438 obiective
2273 385 2486 439 nullam

200 474 400 527 iustam
442 491 663 526 causam
716 476 967 540 exstare,
1026 490 1121 526 cur
1162 470 1300 523 fides
1351 469 1638 523 deseratur
1694 471 1784 524 vel
1839 471 1896 523 in
1949 470 2180 524 dubium
2236 476 2486 526 vocetur.

202 561 259 611 2⁰
299 557 488 612 Antea
536 558 603 611 de
646 558 833 611 multis
874 558 982 611 illis
1035 562 1200 628 atque
1254 555 1558 626 praeclaris
1615 555 1833 609 motivis
1894 556 2278 610 credibilitatis
2320 560 2376 610 et
2417 555 2486 610 de

201 645 412 714 gratiae
456 644 694 711 auxilie,
749 662 856 715 quo
898 644 1151 697 homines
1193 643 1262 696 ad
1304 642 1598 695 veritatem
1639 640 1918 694 ducuntur
1970 642 2026 694 in
2070 659 2246 713 eaque
2289 641 2484 695 confir—

200 736 437 795 mantur,
479 748 658 783 sermo
703 739 849 797 erat,
905 730 950 782 si
991 730 1160 799 igitur
1201 733 1432 800 propter
1473 728 1612 780 haec
1655 727 1809 779 nulla
1850 745 2096 798 unquam
2137 729 2281 781 iusta
2321 744 2488 781 causa
2541 788 2548 793 ,

201 815 395 869 adesse
438 833 598 886 posse
642 815 842 868 dicitur
882 815 1047 868 fidem
1090 813 1416 880 deserendi,
1480 812 1702 866 videtur
1744 814 1968 883 negari,
2024 813 2351 881 catholicos,
2395 813 2488 883 qui

200 919 323 954 eam
353 902 629 969 deserant,
672 919 834 972 posse
864 919 1109 971 unquam
1142 900 1249 952 dici
1278 898 1675 952 invincibiliter
1705 916 1935 953 errasse.
1990 901 2047 952 30
2085 899 2304 952 Dicitur
2331 899 2487 953 Deus

202 1004 296 1040 eos
338 986 664 1040 confirmare
712 1004 855 1054 „non
898 986 1177 1053 (16561665,
1221 986 1324 1037 nisi
1367 984 1708 1038 deseratur“.
1779 983 1836 1037 Si
1878 984 2050 1054 igitur
2092 985 2256 1038 homo
2300 985 2488 1038 catho-

200 1072 339 1125 licus
379 1072 563 1125 Deum
607 1090 719 1125 non
762 1072 998 1138 deserit,
1046 1070 1352 1124 secundum
1397 1070 1709 1123 Concilium
1751 1088 1819 1123 ne
1861 1070 1979 1140 ipse
2022 1070 2248 1141 quidem
2292 1088 2324 1122 a
2364 1069 2486 1123 Deo

202 1158 474 1210 deseritur
515 1158 608 1224 ita,
651 1162 711 1210 111
753 1157 1152 1210 invincibiliter
1192 1174 1224 1209 a
1264 1156 1501 1209 veritate
1545 1155 1785 1209 aberret.

352 1242 505 1304 Quae
547 1248 734 1296 tamen
776 1243 1076 1313 explicatio
1118 1241 1406 1312 probanda
1448 1259 1567 1294 6556
1610 1259 1721 1294 606
1762 1241 2002 1295 videtur.
2055 1240 2360 1312 Nunquam
2387 1241 2485 1294 ho-

203 1329 407 1382 minem
450 1329 783 1382 catholicum
826 1328 894 1381 ob
938 1346 1184 1381 errorem
1226 1327 1608 1381 invincibilem
1639 1328 1935 1381 veritatem
1977 1327 2044 1380 ab
2076 1327 2330 1381 Ecclesia
2360 1345 2484 1399 pro-

202 1415 439 1485 positam
479 1415 535 1467 in
579 1414 808 1467 dubium
850 1432 1049 1467 vocare
1083 1431 1180 1467 seu
1208 1414 1276 1467 ab
1321 1432 1387 1467 ea
1429 1413 1668 1467 deficere
1714 1432 1892 1484 posse,
1936 1431 2038 1467 nec
2066 1413 2251 1467 verbis
2293 1411 2484 1466 defini·
2542 1432 2548 1434 ·

201 1500 364 1553 tionis
406 1501 745 1566 enuntiatur,
787 1504 842 1552 et
883 1499 1113 1552 historia
1154 1504 1343 1552 textus
1373 1499 1630 1566 efficitur,
1673 1498 1869 1552 Patres
1911 1498 1967 1551 id
1997 1498 2182 1552 dicere
2224 1498 2485 1552 noluisse.

202 1585 365 1647 Quod
401 1604 526 1638 cum
567 1603 876 1656 exponam,
928 1603 1281 1656 nequaquam
1325 1585 1664 1638 contendere
1707 1586 1795 1638 vel
1838 1584 2075 1655 probare
2117 1584 2271 1651 volo,
2325 1601 2486 1656 posse

202 1671 444 1742 aliquem
487 1677 715 1742 propter
757 1690 1002 1725 errorem
1045 1671 1430 1725 invincibilem
1471 1671 1589 1724 sine
1633 1671 1797 1742 culpa
1837 1671 1906 1724 ab
1932 1671 2185 1725 Ecclesia
2227 1670 2485 1737 deficere,

201 1757 300 1810 sed
341 1757 397 1810 id
438 1758 615 1810 solum
659 1757 973 1827 ostendere,
1017 1756 1330 1810 Concilium
1374 1757 1440 1811 de
1483 1759 1585 1810 hac
1626 1775 1685 1811 re
1730 1756 1994 1811 iudicium
2036 1775 2147 1810 non
2188 1756 2397 1810 tulisse.
2540 1826 2542 1828 .

352 1843 460 1905 Qui
503 1844 863 1910 contendunt,
908 1843 1222 1897 Concilium
1253 1843 1587 1911 definivisse,
1630 1843 1912 1897 neminem
1953 1843 2071 1896 sine
2112 1847 2338 1914 peccato
2378 1841 2488 1896 for-

204 1931 333 1983 mali
374 1929 442 1983 ab
483 1929 738 1983 Ecclesia
779 1929 1044 1997 deficere,
1087 1929 1142 1982 id
1184 1936 1280 1982 aut
1319 1930 1396 1984 ita
1436 1930 1790 2001 intelligunt,
1832 1935 1893 1982 ut
1934 1929 2148 1995 dicant,
2205 1928 2486 1982 neminem

202 2017 319 2069 sine
362 2020 591 2087 peccato
634 2015 855 2068 formali
896 2021 1076 2069 contra
1116 2015 1285 2084 fidem
1322 2015 1561 2069 deficere
1616 2034 1805 2087 posse,
1856 2016 1890 2069 i.
1935 2033 1982 2069 e.
2035 2016 2205 2086 ipsam
2258 2014 2490 2085 defectio-

201 2120 316 2155 nem
358 2102 671 2154 necessario
725 2119 944 2172 semper
996 2119 1115 2154 esse
1158 2107 1450 2173 peccatum
1492 2101 1756 2169 formale,
1811 2106 1906 2155 aut
1946 2102 2049 2168 ita,
2109 2107 2168 2153 ut
2208 2118 2486 2166 censeant,

203 2188 484 2240 neminem
537 2186 606 2239 ab
658 2186 910 2240 Ecclesia
964 2186 1232 2254 deficere,
1288 2187 1421 2258 quin
1474 2186 1936 2240 antecedentibus
1991 2186 2190 2239 saltem
2245 2187 2488 2257 peccatis

201 2273 450 2326 veritatis
492 2273 613 2325 luce
655 2291 712 2325 se
754 2272 1004 2344 privarit.
1057 2272 1171 2326 Nos
1210 2274 1313 2326 hoc
1342 2274 1463 2326 loco
1507 2273 1835 2345 praesertim
1878 2271 2174 2326 ostendere
2215 2273 2488 2341 volumus,

204 2359 354 2430 prius
406 2358 545 2411 illud
597 2377 629 2411 a
678 2358 925 2412 Concilio
982 2359 1271 2412 definitum
1324 2378 1435 2413 non
1489 2377 1626 2413 esse.
1724 2358 1888 2421 Quod
1940 2376 2066 2411 cum
2123 2358 2488 2427 effecerimus,

204 2445 370 2498 etiam
411 2444 649 2497 alterum
692 2444 979 2498 definitum
1022 2463 1133 2498 non
1176 2464 1296 2499 esse
1339 2445 1586 2500 breviter
1629 2446 2001 2499 ostendemus.

351 2530 691 2583 Definitione
744 2549 910 2602 supra
962 2537 1421 2600 commemorata,
1484 2532 1812 2602 praesertim
1874 2549 2117 2599 canone,
2178 2530 2487 2585 doctrinam

205 2615 485 2668 Hermesii
528 2615 887 2669 condemnari
930 2622 1162 2670 6065161.
1236 2617 1547 2688 Desumpta
1590 2621 1671 2670 est
1714 2617 1958 2671 definitio
2004 2635 2075 2671 ex
2118 2617 2299 2687 capite
2341 2635 2488 2670 non«)

205 2701 500 2754 schematis
544 2701 611 2754 de
655 2701 907 2755 doctrina
948 2702 1270 2768 catholiea1‚
1315 2704 1402 2756 cui
1446 2704 1512 2757 de
1541 2704 1913 2757 Hermesiana
1941 2703 2193 2757 doctrina
2219 2703 2355 2757 haec
2396 2703 2490 2757 ad-

207 2785 381 2840 dunt2
422 2786 702 2856 theologi:
766 2787 1168 2855 „Commendat
1212 2789 1276 2842 G.
1320 2789 1560 2843 Hermes
1603 2790 1889 2843 catholicis
1942 2791 2052 2843 suis
2092 2789 2395 2842 lectoribus
2437 2794 2490 2842 et

204 2872 577 2941 auditoribuS,
619 2879 708 2941 ut,
753 2873 902 2940 ,dum
943 2875 1000 2927 in
1040 2875 1395 2946 inquisitione
1437 2877 1765 2942 versantur‘,
1823 2894 1957 2947 erga
1998 2876 2248 2947 quamvis
2289 2875 2489 2929 doctri-

207 2976 333 3011 nam
374 2958 659 3029 religionis
713 2977 779 3026 ,e.
820 2978 873 3030 g.
916 2960 1222 3014 catholicae
1266 2967 1361 3014 aut
1415 2962 1784 3030 christianae‘,
1838 2962 2061 3016 omnino
2102 2960 2490 3015 indifferente·

207 3061 264 3096 se
308 3043 550 3096 habeant
591 3043 806 3114 sibique
849 3045 1250 3116 persuadeant,
1314 3051 1519 3114 ,sancte
1562 3065 1619 3100 se
1661 3065 1830 3118 agere
1871 3046 2155 3117 sequendo
2197 3047 2489 3113 rationem,

206 3146 556 3199 quocumque
599 3129 821 3182 demum
849 3148 914 3183 ea
942 3131 1273 3185 deduxerit‘.
1331 3132 1663 3199 (introduct.
1707 3133 1924 3204 positiv.
1967 3132 2038 3185 ad
2081 3131 2250 3185 theol.
2295 3150 2344 3202 p.
2378 3134 2488 3187 30.)

207 3214 383 3267 Porro
427 3213 544 3284 ipse
587 3218 641 3265 et
681 3214 748 3267 de
791 3233 848 3268 se
891 3220 1122 3269 testatur
1164 3222 1217 3270 et
1270 3217 1390 3270 aliis
1439 3218 1793 3271 commendat
1846 3218 1988 3270 hanc
2042 3217 2367 3270 methodum
2407 3218 2488 3270 in-

208 3300 518 3371 quisitionis
557 3299 713 3353 fidei:
756 3300 1045 3368 ,Omnibus
1081 3303 1231 3356 hisce
1276 3304 1412 3356 meis
1451 3303 1646 3357 studiis
1686 3304 2032 3375 propositum
2073 3320 2258 3356 meum
2299 3307 2486 3357 sanct(¹
2544 3292 2548 3296 ”

208 3386 427 3438 servavi
469 3386 657 3456 ubique
708 3386 1015 3452 dubitandi,
1068 3388 1327 3459 quamdiu
1359 3408 1589 3459 possem,
1646 3396 1701 3442 et
1753 3395 1869 3441 tum
1928 3389 2151 3442 demum
2205 3388 2486 3442 definitive

210 3489 308 3540 pro
351 3470 617 3524 alterutra
645 3476 803 3542 parte
847 3472 1201 3542 decernendi,
1245 3475 1465 3545 quando
1495 3476 1805 3528 absolutam
1846 3475 2233 3528 necessitatem
2262 3475 2487 3528 rationi}¹

212 3575 308 3627 pro
351 3575 462 3609 una
503 3558 779 3610 sententia
821 3559 1089 3612 exhibere
1134 3579 1365 3630 possem.
1443 3561 1579 3614 Erat
1635 3561 1770 3613 mihi
1826 3567 2124 3632 propterea
2164 3579 2264 3632 per
2304 3561 2477 3614 vario}

212 3765 366 3812 quam
404 3751 648 3813 defendit,
687 3751 948 3801 definitam
986 3768 1114 3801 esse.
1183 3754 1464 3817 Theologie
1502 3755 1591 3802 der
1628 3755 1854 3803 Vorzeit.
1926 3755 2020 3805 Ed.
2059 3755 2240 3804 altera.
2311 3755 2479 3804 Mona·

212 3828 356 3876 sterii
392 3829 648 3892 XVestph„
688 3830 975 3893 Theissing,
1019 3832 1162 3880 1874.
1224 3832 1367 3881 Tom.
1405 3832 1467 3893 V,
1506 3849 1553 3896 p.
1593 3834 1689 3880 464
1727 3848 1837 3896 sqq.

363 3905 378 3932 ¹
416 3906 472 3955 C.
509 3906 572 3955 V.
609 3908 752 3957 511b
792 3923 902 3971 sqq.
1088 3906 1104 3935 ²
1143 3908 1198 3957 C.
1237 3909 1300 3957 V.
1339 3911 1434 3958 530
1457 3909 1487 3957 ¹.
