2548 4290
186 143 256 196 36
380 146 494 187 Pars
525 144 560 184 Ι.
618 141 773 185 Const.
808 142 863 183 de
893 141 995 183 fide.
1060 140 1171 196 Cap.
1204 140 1264 181 ΙΙ.
1321 138 1739 182 Commentationes
1773 138 1829 180 de
1861 139 2097 193 aliquibus
2129 139 2260 181 locis.

185 289 425 357 tionem,
487 289 706 360 quando
761 288 870 340 iam
928 306 1000 341 ex
1057 286 1396 341 revelatione
1453 284 1601 338 facta
1657 284 1727 338 ad
1788 302 1911 338 eam
1967 290 2302 356 perventum
2357 291 2457 354 est,

184 376 356 446 possit
408 374 607 427 deinde
662 374 803 426 ratio
857 373 1184 427 confirmare
1238 377 1292 426 et
1333 371 1518 424 Deum
1572 387 1975 441 recognoscere
2018 371 2186 424 etiam
2232 389 2332 442 per
2374 389 2454 440 ea,

187 478 325 530 quae
368 460 515 512 facta
553 459 732 514 sunt.“
763 457 780 491 ¹

332 544 470 598 Inde
512 544 675 598 facile
715 545 1110 614 intelligemUS,
1154 562 1262 615 qua
1303 543 1518 596 ratione
1562 542 1730 596 etiam
1783 542 1968 595 mitior
2008 542 2455 596 traditionalismi

185 631 394 701 species
437 630 717 683 conciliari
777 629 1000 683 decreto
1053 635 1331 700 tangatur.
1412 628 1521 690 Qui
1575 646 1696 681 eam
1736 628 2097 699 profitentur,
2155 629 2457 681 communi-

186 716 401 769 catione
441 716 600 769 ideae
640 716 748 769 Dei
790 734 927 786 opus
969 733 1087 769 esse
1131 715 1350 783 dicunt,
1392 720 1453 767 ut
1495 715 1660 767 homo
1703 713 1887 767 Deum
1930 718 2080 768 certo
2124 732 2458 785 cognoscere

183 802 370 873 possit,
413 802 509 855 sed
538 802 1096 855 communicationem
1124 802 1283 868 hanc,
1325 805 1386 853 ut
1420 800 1654 872 exponit
1676 800 2024 853 Brixinensis
2046 798 2083 868 ²,
2126 819 2237 854 non
2283 801 2460 869 „deri-

183 891 316 939 vant
357 905 427 940 ex
478 888 599 957 ipsa
640 887 890 939 doctrina
931 886 1257 956 evangelica
1297 904 1395 939 seu
1446 885 1723 952 revelata,
1776 885 1973 939 saltem
2023 903 2133 939 non
2184 887 2459 957 proxime,

184 971 281 1024 sed
320 971 630 1041 generatim
674 989 745 1024 ex
784 971 911 1024 idea
951 970 1059 1024 Dei
1104 972 1161 1023 in
1202 971 1467 1024 societate
1508 970 1753 1022 humana
1803 971 1911 1022 iam
1962 971 2071 1023 iam
2124 971 2459 1034 exsistente3

186 1062 239 1110 et
279 1057 512 1128 proinde
542 1055 814 1122 sufficere,
858 1056 1006 1127 quod
1035 1057 1198 1109 homo
1228 1055 1334 1109 fide
1364 1056 1608 1110 humana
1644 1055 1827 1108 ideam
1859 1055 1967 1109 Dei
2006 1056 2060 1108 in
2091 1074 2148 1110 se
2178 1057 2459 1128 suscipiat,

185 1147 239 1195 et
280 1141 406 1195 dein
438 1141 693 1194 efformet
722 1147 1053 1211 argumenta
1083 1160 1154 1195 ex
1182 1141 1397 1195 ratione
1427 1160 1526 1212 pro
1557 1140 1884 1194 exsistentia
1911 1141 2075 1194 Dei“.
2131 1141 2242 1195 Sed
2269 1160 2461 1213 quam-

183 1228 265 1281 vis
321 1228 410 1294 „hi
466 1228 710 1280 mitiores
751 1227 1245 1294 traditionalistae,
1302 1227 1444 1280 sicut
1499 1228 1885 1295 nominantur,
1939 1228 2193 1298 proxime
2236 1229 2456 1300 quidem

185 1314 438 1367 derivent
477 1313 659 1367 ideam
688 1313 795 1367 Dei
836 1314 1181 1367 solummodo
1209 1333 1279 1368 ex
1322 1314 1824 1367 communicatione
1866 1332 1965 1385 per
1994 1315 2318 1368 societatem
2359 1315 2456 1368 hu-

184 1418 420 1468 manam,
450 1405 636 1454 tamen
663 1400 758 1453 vix
786 1418 897 1453 non
926 1401 1045 1454 fieri
1073 1406 1272 1471 potest,
1302 1401 1448 1471 quod
1478 1400 1628 1453 illam
1658 1400 1855 1453 ultimo
1884 1400 1940 1452 in
1969 1401 2148 1472 primo
2178 1419 2275 1454 suo
2305 1400 2460 1455 fonte

186 1485 440 1539 derivent
481 1504 552 1539 ex
592 1486 939 1540 institutione
982 1486 1090 1539 Dei
1132 1486 1420 1557 primaeva
1477 1486 1882 1539 communicata
1926 1486 2120 1556 generi
2161 1486 2461 1539 humano“.

332 1574 530 1646 Itaque
579 1575 777 1643 „etiam
817 1575 1310 1628 traditionalismus
1350 1576 1534 1629 mitior
1576 1581 1727 1629 certe
1768 1576 2031 1648 periculis
2074 1576 2283 1629 obsitus
2324 1577 2460 1630 est“.

183 1660 491 1729 Propterea
535 1660 851 1731 „proposita
903 1666 984 1714 est
1037 1661 1353 1714 emendatio
1397 1667 1624 1729 octava,
1684 1680 1792 1733 qua
1831 1662 1936 1715 ista
1977 1662 2229 1715 doctrina
2269 1662 2460 1715 imme-

185 1745 332 1798 diate
373 1745 429 1797 in
471 1763 568 1798 suo
611 1746 882 1817 principio
925 1746 1144 1799 formali
1186 1747 1489 1818 impetitur.
1558 1746 1767 1800 Contra
1808 1747 1901 1800 alii
1945 1747 2068 1800 Rffii
2110 1748 2308 1801 Patres
2349 1765 2459 1801 non

337 1949 350 1976 ¹
391 1949 608 1998 Schema
657 1955 753 1998 etc.
825 1951 880 2000 O.
931 1951 992 2000 V.
1031 1951 1187 2000 522d.
1226 1980 1288 1985 —-
1328 1951 1407 1999 Ibi
1455 1951 1692 1999 additur:
1749 1989 1788 2011 „.
1830 1989 1839 1999 .
1879 1987 1889 1997 .
1927 1950 2068 1999 Haec
2118 1951 2313 2014 species
2362 1955 2462 1998 tra-

185 2027 513 2076 ditionalismi
550 2028 741 2075 nostris
768 2029 1086 2091 temporibus
1124 2045 1153 2077 a
1191 2029 1500 2092 quibusdam
1527 2032 1730 2077 asserta
1756 2033 1850 2090 est,
1888 2029 2046 2091 idque
2083 2028 2265 2076 saltem
2304 2043 2466 2090 quan-

187 2105 354 2168 doque
390 2105 480 2166 ita,
517 2108 575 2152 ut
610 2105 828 2167 primam
865 2107 962 2154 Dei
1000 2110 1051 2154 et
1087 2123 1262 2155 rerum
1301 2106 1782 2169 supersensibilium
1820 2107 2059 2154 notitiam
2107 2122 2210 2154 non
2258 2106 2356 2153 nisi
2406 2122 2464 2154 ex

171 2183 280 2244 fide
314 2184 689 2245 supernaturali
723 2184 946 2232 derivari
983 2200 1134 2247 posse
1173 2184 1434 2233 docerent.
1496 2184 1556 2231 In
1595 2184 1920 2246 expositione
1959 2189 2010 2233 et
2047 2184 2347 2233 defensione
2384 2186 2460 2232 sui

186 2261 479 2325 systematis
525 2261 834 2310 Bautainius
888 2263 988 2325 (ep.
1041 2264 1105 2311 ad
1151 2264 1320 2326 Episc.
1366 2263 1702 2325 Argentorat.
1753 2264 1831 2312 21.
1879 2263 2012 2313 Nov.
2065 2261 2212 2322 1837)
2264 2263 2461 2312 aiebat:

186 2339 338 2401 ,Quid
374 2340 610 2400 assertio,
652 2341 909 2389 hominem
950 2342 1105 2390 etiam
1143 2342 1264 2389 solis
1301 2341 1623 2404 argumentis
1660 2341 1877 2390 rationis
1914 2356 2067 2403 posse
2105 2342 2463 2390 demonstrare

187 2418 541 2466 exsistentiam
569 2419 664 2468 Dei
692 2419 904 2481 eiusque
931 2419 1157 2467 infinitas
1185 2419 1548 2482 perfectiones,
1588 2419 1728 2467 aliud
1767 2419 1864 2468 sibi
1901 2419 2027 2480 vult,
2066 2420 2165 2467 nisi
2201 2419 2460 2467 hominem

184 2511 337 2558 posse
375 2511 440 2543 ex
476 2497 698 2558 propriis
735 2497 932 2546 viribus
981 2497 1046 2545 ad
1082 2497 1248 2545 Deum
1288 2497 1569 2545 ascendere
1607 2501 1658 2545 et
1695 2512 1847 2559 posse
1877 2498 2044 2545 Deum
2084 2497 2194 2545 sine
2230 2498 2340 2545 Deo
2379 2512 2462 2545 co-

184 2575 471 2637 gnoscere?
508 2575 693 2623 Nonne
730 2575 827 2623 hoc
863 2574 974 2637 ipso
1015 2579 1196 2623 contra
1235 2575 1559 2624 definitiones
1599 2574 1817 2623 Concilii
1854 2576 2165 2623 Arausicani
2201 2577 2460 2624 humanae

185 2653 377 2702 rationi
413 2655 611 2701 initium
634 2654 766 2715 fidei
800 2653 1223 2702 adscriberetur?
1268 2653 1401 2710 Quid
1428 2654 1526 2702 hoc
1552 2654 1693 2702 aliud
1731 2659 1867 2702 esset
1895 2670 2047 2717 quam
2085 2670 2335 2715 asserere,
2373 2655 2462 2703 ho-

185 2731 374 2779 minem
410 2731 479 2780 acl
514 2731 672 2792 fidem
708 2733 759 2778 in
798 2730 952 2779 Deum
989 2747 1091 2779 non
1140 2732 1371 2795 indigere
1408 2732 1607 2795 gratia,
1657 2747 1856 2795 nosque
1893 2733 2030 2794 ipsos
2067 2736 2310 2781 auctores
2348 2748 2460 2781 esse

187 2814 382 2857 nostrae
418 2806 599 2870 fidei?‘
641 2839 699 2843 ——
736 2809 899 2856 Porro
949 2808 1246 2857 huiusmodi
1284 2809 1520 2857 doctrina
1558 2810 1709 2858 claris
1749 2810 2021 2858 sententiis
2060 2810 2359 2873 Scripturae
2409 2814 2461 2859 et

188 2886 509 2935 SS.Pat1-um
548 2889 704 2949 atque
742 2887 1001 2935 communi
1036 2890 1272 2935 veterum
1311 2887 1671 2950 theologorum
1710 2888 1984 2936 consensui
2021 2892 2305 2951 repugnat3
2345 2903 2464 2935 con·

187 2969 465 3028 sequenter
502 2965 711 3013 exculta
745 2966 856 3028 ipsa
887 2964 1007 3013 fidei
1043 2965 1381 3013 fundamenta
1408 2966 1735 3014 subverteret
1772 2967 2000 3027 ,credere
2039 2967 2172 3014 enim
2208 2982 2312 3014 non
2349 2982 2464 3029 pos-

188 3058 383 3104 semus,
433 3043 530 3090 nisi
566 3043 846 3091 rationales
893 3043 1091 3091 animas
1128 3042 1455 3092 haberemus‘
1495 3043 1651 3107 (Aug.
1691 3060 1768 3108 ep.
1814 3047 1920 3093 120.
1969 3061 2017 3092 n.
2057 3043 2135 3106 3);
2184 3048 2342 3107 atque
2388 3045 2464 3093 ita

188 3121 252 3168 ad
289 3120 669 3181 scepticismum
704 3120 839 3167 viam
879 3125 1164 3182 sterneret,
1202 3122 1564 3183 perveniretur
1603 3123 1733 3170 enim
1775 3122 1840 3170 ad
1876 3122 1944 3183 id,
1983 3122 2121 3185 quod
2158 3122 2330 3170 aiebat
2366 3121 2463 3170 La-

187 3213 495 3246 mennaeus:
533 3197 737 3258 ,Quand
773 3198 823 3245 la
848 3197 1011 3246 verite
1039 3214 1093 3247 se
1125 3199 1309 3259 donne,
1348 3199 1588 3248 l’homme
1614 3201 1664 3248 la
1689 3201 1879 3261 recoitg
1917 3199 2054 3249 voila
2091 3204 2206 3248 tout
2244 3215 2299 3248 cc
2337 3201 2462 3264 qu'il

187 3279 338 3340 peut,
393 3290 578 3323 encore
627 3275 801 3323 faut-il
854 3276 981 3338 qu’il
1033 3277 1082 3325 la
1130 3277 1334 3338 recoive
1389 3277 1450 3325 de
1496 3277 1785 3340 confiance,
1840 3284 1882 3326 et
1928 3293 2046 3326 sans
2093 3279 2258 3340 πεῖρεν
2295 3278 2463 3340 qu’elle

188 3359 374 3402 montre
408 3369 480 3401 ses
516 3355 682 3412 titre3‚·
731 3370 819 3402 car
855 3354 892 3401 il
926 3353 1046 3402 n'est
1079 3371 1175 3417 pas
1211 3357 1356 3403 mfime
1397 3372 1452 3404 en
1502 3356 1599 3404 ἔται
1637 3357 1695 3403 (Ze
1744 3358 1810 3405 les
1857 3355 2068 3419 υένὴῖενι
2108 3355 2353 3417 (Pensees
2391 3357 2463 3405 di-

130 3451 136 3456 *
187 3446 361 3479 verses
397 3446 445 3492 p.
473 3429 605 3489 488).
655 3431 936 3480 Praeterea
973 3432 1024 3479 in
1061 3433 1157 3480 hac
1196 3434 1428 3482 doctrina
1467 3435 1733 3483 evidenter
1761 3436 1960 3483 censeri
1997 3436 2210 3485 deberet
2239 3436 2461 3499 positiva

187 3509 436 3557 revelatio
488 3508 549 3557 de
586 3509 695 3556 Deo
746 3510 1019 3558 essentiale
1057 3511 1490 3573 complementum
1538 3513 1797 3561 humanae
1845 3514 2091 3575 rationis3
2140 3518 2295 3577 atque
2343 3513 2462 3561 inde

188 3589 539 3648 pervenerunt
564 3585 725 3648 aliqui
751 3587 814 3634 ad
850 3586 1205 3636 confusionem
1234 3589 1427 3637 ordinis
1453 3590 1707 3638 naturalis
1734 3607 1793 3639 ac
1820 3592 2244 3654 supernaturalis.
2305 3592 2462 3655 Prop-

188 3667 332 3711 terea
369 3663 551 3711 saltem
590 3664 797 3712 crudior
833 3665 959 3713 haec
996 3665 1165 3713 forma
1202 3668 1620 3716 traditionalismi
1656 3669 1756 3717 iam
1797 3670 2001 3731 saepius
2050 3671 2349 3719 authentice
2386 3686 2463 3718 re-

187 3742 408 3803 probata
446 3744 540 3802 est,
579 3744 637 3788 ut
674 3741 726 3788 in
761 3742 1206 3804 propositionibus
1244 3760 1272 3792 a
1309 3746 1585 3794 Bautainio
1624 3746 1842 3810 aliisque
1882 3749 2202 3812 subscriptis,
2244 3764 2460 3811 quarum

189 3834 293 3866 una
330 3823 468 3867 erat:
518 3818 768 3879 ‚Rationis
805 3835 930 3867 usus
967 3819 1117 3869 fidem
1155 3823 1446 3885 praecedit,
1499 3827 1549 3870 et
1586 3825 1650 3871 ad
1689 3840 1798 3872 eam
1838 3825 2096 3874 hominem
2136 3841 2231 3889 ope
2268 3826 2461 3874 revela-

188 3896 343 3943 tionis
383 3898 432 3943 et
467 3896 668 3957 gratiae
706 3895 1010 3946 conducit‘.“

339 3972 355 3999 2
394 3973 597 4021 Relatio
636 3977 732 4022 etc.
805 3974 859 4022 C.
897 3975 959 4022 V.
1003 3977 1141 4024 129d
1181 3992 1293 4040 sqq.
