2548 4290
217 126 287 177 34
413 126 526 167 Pars
556 125 592 166 Ι.
648 123 805 166 Const.
839 122 894 164 de
925 122 1028 164 fide.
1093 120 1205 176 Cap.
1238 120 1299 161 ΙΙ.
1356 118 1773 161 Commentationes
1807 118 1863 159 de
1896 118 2133 171 aliquibus
2165 118 2295 159 locis.

215 272 372 338 tinet,
415 270 545 322 satis
583 268 763 321 visum
804 272 903 333 est,
945 265 1283 336 principium
1322 281 1551 334 ponere,
1595 281 1702 334 quo
1735 263 2036 316 efficaciter
2077 262 2491 318 excluderetur.

216 355 562 425 Principium
603 357 807 417 autem,
851 350 1000 421 quod
1028 350 1307 415 statuitur,
1349 349 1453 401 hoc
1484 354 1589 401 est:
1631 349 1688 400 in
1729 348 1966 401 hominis
2006 354 2209 401 natura
2236 348 2494 401 rationali

215 441 520 512 potentiam
573 455 690 491 esse
743 436 927 489 Deum
978 454 1076 507 per
1128 453 1215 488 res
1269 441 1482 487 creatas
1525 440 1675 487 certo
1729 434 2119 504 cognoscendi.
2198 433 2320 487 Iam
2360 451 2493 488 vero

216 526 309 596 qui
349 524 589 591 diceret,
631 522 753 576 fieri
792 540 1016 594 prorsus
1057 539 1168 573 non
1210 537 1395 588 posse,
1453 525 1514 571 ut
1555 519 1738 586 hom0,
1783 520 1885 572 etsi
1927 518 2250 590 expeditam
2293 519 2495 573 habeat

214 610 532 663 facultatem
574 607 972 674 ratiocinandi,
1025 608 1135 659 sine
1180 607 1402 675 positiva
1453 605 1514 658 de
1553 604 1665 658 Deo
1715 605 1914 658 tradita
1954 605 2223 671 doctrina,
2275 604 2345 657 ad
2386 604 2495 658 Dei

214 701 422 748 certam
450 695 702 748 notitiam
730 693 1039 764 perveniat,
1066 693 1111 744 is
1141 691 1280 744 illud
1309 691 1644 761 principium
1675 698 1925 761 negaret.
1983 690 2248 753 Quaestio
2291 696 2494 759 autem,

212 786 397 833 utrum
425 780 612 850 aliqua
637 779 909 831 institutio
951 778 1264 832 necessaria
1292 778 1362 829 sit
1388 777 1459 829 ad
1500 776 1621 844 hoc,
1664 784 1725 829 ut
1766 777 1929 830 homo
1960 777 2027 831 ad
2068 777 2295 830 rationis
2334 794 2493 829 usum

213 866 520 936 perveniat,
562 882 673 917 non
715 864 1063 934 attingitur“.

360 950 480 1002 Iam
520 950 605 1002 his
645 949 943 1019 suppositis
986 949 1298 1001 accuratius
1339 948 1732 1019 inquirendum
1776 954 1887 1014 est,
1946 965 2087 1018 quae
2130 947 2341 1018 species
2383 952 2492 999 tra-

213 1035 600 1102 ditionalismi,
658 1041 842 1086 utrum
896 1034 1045 1086 solus
1101 1034 1323 1087 crudior
1373 1035 1686 1101 reiiciatur,
1749 1052 1819 1086 an
1872 1034 2039 1087 etiam
2080 1034 2157 1098 is,
2214 1033 2307 1104 qui
2361 1032 2493 1085 dici-

213 1128 300 1174 tur
342 1122 543 1174 mitior.

358 1207 525 1260 ‘illum
576 1207 634 1259 in
684 1206 955 1259 relatione
1011 1208 1235 1260 nomine
1299 1206 1672 1277 deputationis
1729 1206 1919 1260 habita
1976 1204 2256 1277 exponit1
2308 1203 2491 1257 Brixi-

210 1292 394 1345 nensis
422 1294 526 1344 ita:
562 1292 673 1360 „Ut
700 1310 732 1344 a
759 1292 1032 1362 principio
1064 1292 1242 1363 primo
1272 1291 1474 1359 ordiar,
1516 1291 1689 1345 verba
1716 1291 1813 1344 illa
1839 1291 2127 1344 notissima
2156 1289 2490 1343 Tertulliani

208 1378 265 1430 in
307 1378 551 1431 medium
593 1377 892 1447 proferam,
935 1396 1077 1448 quae
1107 1377 1383 1431 habentur
1424 1379 1480 1430 in
1518 1377 1661 1431 libro
1704 1378 1875 1449 ipsius
1906 1385 2100 1430 contra
2128 1375 2492 1444 Marcionem,

209 1463 304 1516 ubi
334 1463 489 1515 dicit:
520 1463 652 1531 ,Nos
681 1462 916 1531 (scilicet
945 1470 1137 1516 contra
1157 1462 1519 1531 Marcionem)
1551 1462 1844 1516 definimus
1871 1462 2056 1515 Deum
2085 1462 2263 1533 primo
2293 1468 2493 1514 natura

210 1548 684 1618 cognoscendum,
739 1548 940 1601 dehinc
983 1549 1235 1602 doctrina
1274 1548 1818 1619 recognoscendum,
1860 1554 2059 1601 natura
2100 1566 2172 1600 ex
2213 1546 2493 1618 operibus,

210 1634 462 1688 doctrina
502 1654 573 1689 ex
615 1635 1164 1705 praedicationibUS.‘
1243 1636 1413 1689 quta
1465 1636 1608 1689 hanc
1652 1635 1986 1688 Tertulliani
2028 1635 2362 1688 sententiam
2403 1650 2491 1686 ree-

209 1737 340 1790 ergo
369 1722 447 1773 ita
486 1739 543 1774 se
585 1721 778 1774 habet:
821 1721 976 1775 Deus
1007 1729 1190 1792 potest
1232 1722 1456 1793 quidem
1499 1722 1760 1792 cognosci
1788 1728 1988 1774 natura
2018 1720 2158 1774 duce
2201 1738 2273 1773 ex
2315 1718 2483 1790 operi-

209 1806 337 1872 bus3
381 1807 480 1860 sed
522 1813 583 1860 ut
609 1808 747 1861 haec
778 1808 1020 1878 cognitio
1050 1808 1160 1861 Dei
1202 1809 1271 1861 sit
1299 1808 1572 1876 salutaris,
1614 1807 1769 1861 Deus
1798 1826 1908 1860 non
1944 1806 2291 1860 solummodo
2324 1805 2484 1858 debet

208 1892 537 1946 naturaliter
576 1895 852 1964 cognosci,
895 1894 993 1947 sed
1035 1894 1204 1947 debet
1240 1913 1338 1965 per
1378 1894 1687 1948 doctrinam
1730 1900 1786 1947 et
1822 1893 2298 1964 praedicationem
2337 1908 2487 1944 reco-

207 1979 416 2047 gnosci.
470 1978 719 2031 Primum
762 1980 988 2050 quidem
1031 1986 1114 2033 est
1141 1981 1301 2033 iuxta
1330 1980 1741 2034 Tertullianum
1785 1980 2028 2049 cognitio
2070 1978 2339 2031 naturalis
2380 1994 2488 2030 non

211 2062 434 2132 quidem
475 2064 689 2116 ratione
731 2066 1014 2136 temporiS,
1058 2065 1156 2118 sed
1183 2067 1398 2119 ratione
1429 2065 1656 2132 ordiniS,
1699 2072 1753 2118 et
1783 2064 1985 2119 deinde
2016 2064 2257 2134 cognitio
2300 2080 2490 2134 super-

210 2149 508 2215 naturalis3
562 2168 689 2202 nam
732 2150 893 2203 dicit:
949 2152 1125 2223 primo
1169 2152 1591 2222 cognoscendus
1632 2159 1847 2218 natura,
1891 2158 1946 2204 et
1987 2150 2186 2203 dehinc
2223 2166 2492 2218 recogno-

209 2234 445 2286 scendus
487 2234 735 2287 doctrina
761 2242 815 2288 et
843 2237 1277 2307 praedicatione.
1330 2237 1398 2289 In
1439 2238 1541 2290 hac
1583 2255 1642 2289 re
1682 2236 2062 2289 Tertullianus
2091 2242 2240 2288 certe
2281 2252 2491 2287 sacram

212 2317 556 2390 Scripturam
598 2320 775 2390 ipsam
816 2322 1256 2375 consentientem
1299 2323 1496 2390 habet,
1538 2331 1598 2375 ut
1638 2322 1939 2392 unicuique
1983 2327 2135 2391 patet
2175 2319 2492 2392 inspicienti

212 2410 378 2474 caput
410 2407 494 2458 13.
525 2405 653 2457 libri
683 2405 1022 2478 Sapientiae,
1066 2416 1234 2479 caput
1266 2412 1312 2460 1.
1355 2408 1532 2479 Epist.
1562 2408 1632 2460 ad
1661 2407 1962 2473 RomanOS,
2005 2412 2170 2477 caput
2202 2411 2287 2459 14.
2317 2412 2372 2458 et
2405 2407 2489 2458 17.

211 2507 284 2541 ex
323 2491 480 2542 Actis
522 2492 948 2561 Apostolorum3
992 2501 1047 2546 et
1087 2501 1355 2564 quantum
1398 2512 1502 2564 ego
1544 2494 1726 2561 vide0,
1768 2493 2147 2546 Tertullianus
2187 2493 2243 2545 in
2285 2492 2388 2544 hac
2428 2508 2490 2544 re

211 2575 377 2627 etiam
420 2575 616 2629 Patres
660 2577 943 2632 Ecclesiae
987 2581 1399 2633 consentientes
1440 2579 1629 2633 habet.

363 2661 514 2728 „Iam
565 2662 630 2729 ii,
685 2663 778 2733 qui
830 2664 1190 2718 nominantur
1231 2666 1543 2735 generatim
1582 2665 2043 2719 traditionalistae
2102 2665 2329 2734 (nomen
2385 2663 2488 2715 hoc

210 2763 494 2816 nunquam
547 2748 928 2817 protulissem,
983 2749 1109 2802 Rffli
1148 2750 1369 2818 Patres,
1426 2751 1531 2804 nisi
1583 2751 1692 2803 iam
1747 2752 1801 2803 in
1854 2752 1975 2823 ipsa
2015 2753 2118 2805 hac
2159 2750 2287 2803 aula
2326 2748 2490 2803 toties

210 2850 412 2884 nomen
440 2833 589 2885 istud
618 2835 968 2904 insonuerit),
1010 2836 1138 2904 iam,
1169 2837 1309 2902 dico,
1352 2837 1596 2891 asseclae
1624 2838 1787 2890 huius
1815 2838 2128 2909 systematis
2157 2836 2489 2890 sententiam

212 2916 547 2970 Tertulliani
587 2920 875 2973 invertunt
916 2927 971 2974 et
1000 2922 1222 2974 dicunt:
1265 2922 1380 2975 Nos
1410 2923 1700 2976 definimus
1728 2923 1914 2976 Deum
1956 2924 2196 2995 primum
2240 2921 2491 2975 doctrina

213 3004 688 3072 cognoscendum,
743 3011 798 3058 et
839 3005 1039 3059 dehinc
1081 3014 1282 3061 natura
1322 3008 1863 3078 recognoscendum,
1919 3009 2168 3062 doctrina
2221 3025 2292 3060 ex
2333 3024 2490 3077 prae-

214 3086 600 3157 dicationibus,
641 3096 842 3143 natura
874 3110 944 3144 ex
974 3093 1264 3163 operibus,
1307 3094 1364 3146 id
1392 3105 1490 3162 est,
1534 3095 1766 3164 primam
1810 3094 1878 3147 de
1906 3093 2028 3147 Deo
2058 3094 2242 3146 ideam
2285 3092 2489 3146 debere

209 3172 422 3225 homini
479 3177 876 3229 communicari
933 3195 1031 3248 per
1093 3178 1400 3232 doctrinam
1461 3180 1575 3233 sive
1632 3180 2109 3251 praedicationem
2169 3180 2225 3231 in
2281 3196 2488 3249 genere

211 3265 516 3328 sumptam,
568 3269 623 3312 et
664 3260 895 3328 deinde,
952 3262 1053 3314 hac
1094 3264 1221 3317 idea
1261 3265 1435 3317 semel
1476 3266 1686 3318 homini
1729 3265 2136 3318 communicata
2187 3270 2242 3317 et
2282 3263 2351 3317 ab
2391 3264 2490 3317 ho-

210 3344 357 3396 mine
397 3352 652 3416 recepta,
699 3347 961 3417 possibile
1003 3351 1224 3402 omnino
1267 3368 1417 3418 esse,
1462 3351 1845 3404 exsistentiam
1887 3350 1995 3404 Dei
2037 3350 2277 3421 probare
2320 3350 2487 3403 etiam

209 3447 309 3498 per
349 3438 680 3499 argumenta
731 3450 802 3484 ex
844 3433 1058 3486 ratione
1115 3434 1423 3507 desumpta.
1503 3437 1700 3498 Quoad
1753 3454 1883 3489 vero
1929 3436 2487 3489 communicationem

208 3516 385 3584 ipsam
425 3515 587 3569 huius
628 3517 787 3570 ideae
828 3518 1292 3574 traditionalistae
1334 3522 1479 3575 inter
1520 3541 1577 3575 se
1631 3522 1930 3593 plurimum
1986 3522 2268 3575 differunt.
2348 3522 2489 3575 Sunt

211 3601 358 3653 enim
400 3601 587 3672 aliqui,
631 3604 724 3672 qui
755 3602 962 3672 dicunt,
1003 3605 1145 3657 hanc
1181 3608 1738 3661 communicationem
1769 3625 1964 3660 revera
1998 3607 2203 3661 debere
2232 3608 2352 3661 fieri
2390 3623 2488 3677 per

212 3684 520 3738 doctrinam
561 3687 943 3757 evangelicam
985 3707 1082 3741 seu
1123 3692 1445 3760 revelatam,
1489 3703 1543 3745 et
1584 3692 1817 3762 proinde
1858 3692 2140 3746 hominem
2184 3692 2388 3745 debere
2430 3692 2486 3744 in

210 3788 267 3823 se
309 3771 588 3841 suscipere
630 3772 813 3825 ideam
854 3772 963 3826 Dei
1005 3783 1060 3827 et
1100 3777 1458 3830 exsistentiae
1503 3778 1675 3848 ipsius
1714 3778 1822 3830 fide
1867 3777 2070 3845 divina,
2117 3784 2173 3831 et
2215 3797 2325 3831 non
2367 3795 2484 3830 esse

363 3950 378 3976 ¹
416 3950 620 4000 Relatio
660 3958 757 4001 etc.
831 3952 888 4001 C.
926 3954 989 4003 V.
1031 3956 1167 4002 129a
1206 3971 1317 4017 sqq.
