<?xml version="1.0" encoding="UTF-8"?>
<!DOCTYPE html PUBLIC "-//W3C//DTD XHTML 1.0 Transitional//EN"
    "http://www.w3.org/TR/xhtml1/DTD/xhtml1-transitional.dtd">
<html xmlns="http://www.w3.org/1999/xhtml" xml:lang="en" lang="en">
 <head>
  <title>
</title>
<meta http-equiv="Content-Type" content="text/html;charset=utf-8" />
  <meta name='ocr-system' content='tesseract 3.04.00' />
  <meta name='ocr-capabilities' content='ocr_page ocr_carea ocr_par ocr_line ocrx_word'/>
</head>
<body>
  <div class='ocr_page' id='page_1' title='image "a584483100granuoft_0088.png"; bbox 0 0 2548 4290; ppageno 0'>
   <div class='ocr_carea' id='block_1_1' title="bbox 226 135 2300 198">
    <p class='ocr_par' dir='ltr' id='par_1_1' title="bbox 226 135 2300 198">
     <span class='ocr_line' id='line_1_1' title="bbox 226 135 2300 198; baseline -0.007 -8"><span class='ocrx_word' id='word_1_1' title='bbox 226 146 293 198; x_wconf 83' lang='lat'>74</span> <span class='ocrx_word' id='word_1_2' title='bbox 434 148 547 188; x_wconf 87' lang='lat' dir='ltr'>Pars</span> <span class='ocrx_word' id='word_1_3' title='bbox 578 146 614 186; x_wconf 86' lang='grc' dir='ltr'>Ι.</span> <span class='ocrx_word' id='word_1_4' title='bbox 671 144 826 187; x_wconf 87' lang='lat' dir='ltr'>Const.</span> <span class='ocrx_word' id='word_1_5' title='bbox 862 142 917 184; x_wconf 89' lang='lat' dir='ltr'>de</span> <span class='ocrx_word' id='word_1_6' title='bbox 949 141 1051 183; x_wconf 88' lang='lat' dir='ltr'>fide.</span> <span class='ocrx_word' id='word_1_7' title='bbox 1116 140 1227 196; x_wconf 85' lang='lat' dir='ltr'>Cap.</span> <span class='ocrx_word' id='word_1_8' title='bbox 1261 139 1345 180; x_wconf 92' lang='grc' dir='ltr'><strong>ΙΙΙ.</strong></span> <span class='ocrx_word' id='word_1_9' title='bbox 1401 139 1510 192; x_wconf 86' lang='lat' dir='ltr'>Ipsa</span> <span class='ocrx_word' id='word_1_10' title='bbox 1543 137 1737 180; x_wconf 85' lang='lat' dir='ltr'>Constit.</span> <span class='ocrx_word' id='word_1_11' title='bbox 1771 148 1875 178; x_wconf 90' lang='lat' dir='ltr'>cum</span> <span class='ocrx_word' id='word_1_12' title='bbox 1907 135 2300 177; x_wconf 77' lang='lat' dir='ltr'><strong>adnotationibus.</strong></span> 
     </span>
    </p>
   </div>
   <div class='ocr_carea' id='block_1_2' title="bbox 217 280 2496 788">
    <p class='ocr_par' dir='ltr' id='par_1_2' title="bbox 217 280 2496 788">
     <span class='ocr_line' id='line_1_2' title="bbox 219 280 2490 359; baseline -0.006 -13"><span class='ocrx_word' id='word_1_13' title='bbox 219 294 277 346; x_wconf 92' lang='lat' dir='ltr'>in</span> <span class='ocrx_word' id='word_1_14' title='bbox 317 293 460 346; x_wconf 87' lang='lat' dir='ltr'>hanc</span> <span class='ocrx_word' id='word_1_15' title='bbox 502 289 915 344; x_wconf 84' lang='lat' dir='ltr'>oecumenicam</span> <span class='ocrx_word' id='word_1_16' title='bbox 958 287 1247 359; x_wconf 79' lang='lat' dir='ltr'>Synodum</span> <span class='ocrx_word' id='word_1_17' title='bbox 1300 286 1630 339; x_wconf 88' lang='lat' dir='ltr'>auctoritate</span> <span class='ocrx_word' id='word_1_18' title='bbox 1673 284 1879 338; x_wconf 86' lang='lat' dir='ltr'>Nostra</span> <span class='ocrx_word' id='word_1_19' title='bbox 1932 283 1988 336; x_wconf 89' lang='lat' dir='ltr'>in</span> <span class='ocrx_word' id='word_1_20' title='bbox 2032 280 2245 353; x_wconf 82' lang='lat' dir='ltr'>Spiritu</span> <span class='ocrx_word' id='word_1_21' title='bbox 2287 280 2490 334; x_wconf 83' lang='lat' dir='ltr'>Sancto</span> 
     </span>
     <span class='ocr_line' id='line_1_3' title="bbox 222 366 2496 448; baseline -0.006 -17"><span class='ocrx_word' id='word_1_22' title='bbox 222 376 600 448; x_wconf 78' lang='lat' dir='ltr'>congregatiS‚</span> <span class='ocrx_word' id='word_1_23' title='bbox 652 374 833 426; x_wconf 84' lang='lat' dir='ltr'>innixi</span> <span class='ocrx_word' id='word_1_24' title='bbox 873 373 982 427; x_wconf 94' lang='lat' dir='ltr'>Dei</span> <span class='ocrx_word' id='word_1_25' title='bbox 1033 373 1204 426; x_wconf 90' lang='lat' dir='ltr'>verbo</span> <span class='ocrx_word' id='word_1_26' title='bbox 1259 372 1465 441; x_wconf 90' lang='lat' dir='ltr'>scripto</span> <span class='ocrx_word' id='word_1_27' title='bbox 1519 375 1575 424; x_wconf 87' lang='lat' dir='ltr'>et</span> <span class='ocrx_word' id='word_1_28' title='bbox 1631 370 1863 438; x_wconf 91' lang='lat' dir='ltr'>tradito,</span> <span class='ocrx_word' id='word_1_29' title='bbox 1919 373 2085 440; x_wconf 91' lang='lat' dir='ltr'>prout</span> <span class='ocrx_word' id='word_1_30' title='bbox 2136 366 2205 421; x_wconf 89' lang='lat' dir='ltr'>ab</span> <span class='ocrx_word' id='word_1_31' title='bbox 2245 366 2496 420; x_wconf 84' lang='lat' dir='ltr'>Ecclesia</span> 
     </span>
     <span class='ocr_line' id='line_1_4' title="bbox 222 451 2496 528; baseline -0.005 -13"><span class='ocrx_word' id='word_1_32' title='bbox 222 462 493 516; x_wconf 89' lang='lat' dir='ltr'>catholica</span> <span class='ocrx_word' id='word_1_33' title='bbox 532 465 722 513; x_wconf 89' lang='lat' dir='ltr'>sancte</span> <span class='ocrx_word' id='word_1_34' title='bbox 766 458 1099 511; x_wconf 90' lang='lat' dir='ltr'>custoditum</span> <span class='ocrx_word' id='word_1_35' title='bbox 1143 463 1199 510; x_wconf 94' lang='lat' dir='ltr'>et</span> <span class='ocrx_word' id='word_1_36' title='bbox 1239 457 1482 528; x_wconf 89' lang='lat' dir='ltr'>genuine</span> <span class='ocrx_word' id='word_1_37' title='bbox 1525 455 1842 527; x_wconf 82' lang='lat' dir='ltr'>expositum</span> <span class='ocrx_word' id='word_1_38' title='bbox 1884 453 2229 524; x_wconf 79' lang='lat' dir='ltr'>accepimUS,</span> <span class='ocrx_word' id='word_1_39' title='bbox 2282 470 2354 505; x_wconf 84' lang='lat' dir='ltr'>ex</span> <span class='ocrx_word' id='word_1_40' title='bbox 2394 451 2496 504; x_wconf 85' lang='lat' dir='ltr'>hac</span> 
     </span>
     <span class='ocr_line' id='line_1_5' title="bbox 219 538 2494 616; baseline -0.004 -17"><span class='ocrx_word' id='word_1_41' title='bbox 219 548 375 600; x_wconf 90' lang='lat' dir='ltr'>Petri</span> <span class='ocrx_word' id='word_1_42' title='bbox 406 545 686 599; x_wconf 83' lang='lat' dir='ltr'>Cathedra</span> <span class='ocrx_word' id='word_1_43' title='bbox 726 545 783 598; x_wconf 92' lang='lat' dir='ltr'>in</span> <span class='ocrx_word' id='word_1_44' title='bbox 824 550 1126 616; x_wconf 89' lang='lat' dir='ltr'>conspectu</span> <span class='ocrx_word' id='word_1_45' title='bbox 1156 544 1401 597; x_wconf 90' lang='lat' dir='ltr'>omnium</span> <span class='ocrx_word' id='word_1_46' title='bbox 1442 542 1742 595; x_wconf 90' lang='lat' dir='ltr'>salutarem</span> <span class='ocrx_word' id='word_1_47' title='bbox 1773 540 1978 595; x_wconf 79' lang='lat' dir='ltr'>Christi</span> <span class='ocrx_word' id='word_1_48' title='bbox 2020 538 2328 592; x_wconf 80' lang='lat' dir='ltr'>doctrinam</span> <span class='ocrx_word' id='word_1_49' title='bbox 2371 555 2494 607; x_wconf 88' lang='lat' dir='ltr'>pro-</span> 
     </span>
     <span class='ocr_line' id='line_1_6' title="bbox 218 623 2495 696; baseline -0.004 -12"><span class='ocrx_word' id='word_1_50' title='bbox 218 632 363 686; x_wconf 91' lang='lat' dir='ltr'>fiteri</span> <span class='ocrx_word' id='word_1_51' title='bbox 414 636 471 685; x_wconf 90' lang='lat' dir='ltr'>et</span> <span class='ocrx_word' id='word_1_52' title='bbox 511 631 796 685; x_wconf 90' lang='lat' dir='ltr'>declarare</span> <span class='ocrx_word' id='word_1_53' title='bbox 838 630 1251 696; x_wconf 89' lang='lat' dir='ltr'>constituimus,</span> <span class='ocrx_word' id='word_1_54' title='bbox 1309 628 1558 681; x_wconf 86' lang='lat' dir='ltr'>adversis</span> <span class='ocrx_word' id='word_1_55' title='bbox 1613 627 1894 680; x_wconf 86' lang='lat' dir='ltr'>erroribus</span> <span class='ocrx_word' id='word_1_56' title='bbox 1946 629 2222 696; x_wconf 80' lang='lat' dir='ltr'>potestate</span> <span class='ocrx_word' id='word_1_57' title='bbox 2263 623 2422 677; x_wconf 91' lang='lat' dir='ltr'>nobis</span> <span class='ocrx_word' id='word_1_58' title='bbox 2463 641 2495 676; x_wconf 89' lang='lat' dir='ltr'>a</span> 
     </span>
     <span class='ocr_line' id='line_1_7' title="bbox 217 713 1533 788; baseline -0.004 -17"><span class='ocrx_word' id='word_1_59' title='bbox 217 717 340 771; x_wconf 94' lang='lat' dir='ltr'>Deo</span> <span class='ocrx_word' id='word_1_60' title='bbox 382 717 586 770; x_wconf 88' lang='lat' dir='ltr'>tradita</span> <span class='ocrx_word' id='word_1_61' title='bbox 626 716 949 788; x_wconf 88' lang='lat' dir='ltr'>proscriptis</span> <span class='ocrx_word' id='word_1_62' title='bbox 991 720 1159 786; x_wconf 89' lang='lat' dir='ltr'>atque</span> <span class='ocrx_word' id='word_1_63' title='bbox 1203 714 1477 767; x_wconf 89' lang='lat' dir='ltr'>damnatis</span> <span class='ocrx_word' id='word_1_64' title='bbox 1499 713 1533 766; x_wconf 82' lang='lat'>¹.</span> 
     </span>
    </p>
   </div>
   <div class='ocr_carea' id='block_1_3' title="bbox 1184 867 1529 923">
    <p class='ocr_par' dir='ltr' id='par_1_3' title="bbox 1184 867 1529 923">
     <span class='ocr_line' id='line_1_8' title="bbox 1184 867 1529 923; baseline -0.009 0"><span class='ocrx_word' id='word_1_65' title='bbox 1184 867 1440 923; x_wconf 81' lang='lat' dir='ltr'><strong>CAPUT</strong></span> <span class='ocrx_word' id='word_1_66' title='bbox 1485 868 1529 921; x_wconf 89' lang='lat' dir='ltr'>I.</span> 
     </span>
    </p>
   </div>
   <div class='ocr_carea' id='block_1_4' title="bbox 927 984 1781 1033">
    <p class='ocr_par' dir='ltr' id='par_1_4' title="bbox 927 984 1781 1033">
     <span class='ocr_line' id='line_1_9' title="bbox 927 984 1781 1033; baseline -0.004 -1"><span class='ocrx_word' id='word_1_67' title='bbox 927 988 986 1033; x_wconf 85' lang='lat' dir='ltr'>Dc</span> <span class='ocrx_word' id='word_1_68' title='bbox 1020 987 1104 1033; x_wconf 84' lang='lat' dir='ltr'>Deo</span> <span class='ocrx_word' id='word_1_69' title='bbox 1133 1000 1276 1032; x_wconf 85' lang='lat' dir='ltr'>rerum</span> <span class='ocrx_word' id='word_1_70' title='bbox 1309 986 1492 1032; x_wconf 88' lang='lat' dir='ltr'>omnium</span> <span class='ocrx_word' id='word_1_71' title='bbox 1526 984 1730 1030; x_wconf 80' lang='lat' dir='ltr'>Creatore</span> <span class='ocrx_word' id='word_1_72' title='bbox 1751 986 1781 1029; x_wconf 83' lang='lat'>².</span> 
     </span>
    </p>
   </div>
   <div class='ocr_carea' id='block_1_5' title="bbox 216 1095 2495 1253">
    <p class='ocr_par' dir='ltr' id='par_1_5' title="bbox 216 1095 2495 1253">
     <span class='ocr_line' id='line_1_10' title="bbox 367 1095 2494 1170; baseline -0.003 -16"><span class='ocrx_word' id='word_1_73' title='bbox 367 1100 463 1170; x_wconf 90' lang='grc'><strong>[1.]</strong></span> <span class='ocrx_word' id='word_1_74' title='bbox 506 1101 709 1155; x_wconf 80' lang='lat' dir='ltr'>Sancta</span> <span class='ocrx_word' id='word_1_75' title='bbox 750 1100 1040 1154; x_wconf 80' lang='lat' dir='ltr'>Catholica</span> <span class='ocrx_word' id='word_1_76' title='bbox 1068 1100 1396 1170; x_wconf 89' lang='lat' dir='ltr'>Apostolica</span> <span class='ocrx_word' id='word_1_77' title='bbox 1435 1099 1690 1152; x_wconf 88' lang='lat' dir='ltr'>Romana</span> <span class='ocrx_word' id='word_1_78' title='bbox 1717 1095 2012 1151; x_wconf 83' lang='lat' dir='ltr'>Ecclesia3</span> <span class='ocrx_word' id='word_1_79' title='bbox 2054 1096 2229 1150; x_wconf 88' lang='lat' dir='ltr'>credit</span> <span class='ocrx_word' id='word_1_80' title='bbox 2270 1100 2325 1149; x_wconf 91' lang='lat' dir='ltr'>et</span> <span class='ocrx_word' id='word_1_81' title='bbox 2367 1113 2494 1148; x_wconf 91' lang='lat' dir='ltr'>con-</span> 
     </span>
     <span class='ocr_line' id='line_1_11' title="bbox 216 1180 2495 1253; baseline -0.003 -15"><span class='ocrx_word' id='word_1_82' title='bbox 216 1186 428 1253; x_wconf 88' lang='lat' dir='ltr'>fitetur,</span> <span class='ocrx_word' id='word_1_83' title='bbox 481 1204 652 1238; x_wconf 92' lang='lat' dir='ltr'>unum</span> <span class='ocrx_word' id='word_1_84' title='bbox 695 1204 815 1239; x_wconf 91' lang='lat' dir='ltr'>esse</span> <span class='ocrx_word' id='word_1_85' title='bbox 858 1186 1040 1238; x_wconf 90' lang='lat' dir='ltr'>Deum</span> <span class='ocrx_word' id='word_1_86' title='bbox 1082 1204 1277 1239; x_wconf 84' lang='lat' dir='ltr'>verum</span> <span class='ocrx_word' id='word_1_87' title='bbox 1319 1190 1373 1237; x_wconf 86' lang='lat' dir='ltr'>et</span> <span class='ocrx_word' id='word_1_88' title='bbox 1414 1185 1630 1253; x_wconf 87' lang='lat' dir='ltr'>vivum,</span> <span class='ocrx_word' id='word_1_89' title='bbox 1688 1183 2010 1237; x_wconf 85' lang='lat' dir='ltr'>Creatorem</span> <span class='ocrx_word' id='word_1_90' title='bbox 2027 1181 2047 1213; x_wconf 66' lang='lat'>‘²</span> <span class='ocrx_word' id='word_1_91' title='bbox 2088 1199 2150 1235; x_wconf 91' lang='lat' dir='ltr'>ac</span> <span class='ocrx_word' id='word_1_92' title='bbox 2189 1180 2495 1234; x_wconf 87' lang='lat' dir='ltr'>Dominum</span> 
     </span>
    </p>
   </div>
   <div class='ocr_carea' id='block_1_6' title="bbox 209 1376 2494 4022">
    <p class='ocr_par' dir='ltr' id='par_1_6' title="bbox 213 1376 2494 1757">
     <span class='ocr_line' id='line_1_12' title="bbox 216 1376 2493 1443; baseline -0.002 -15"><span class='ocrx_word' id='word_1_93' title='bbox 216 1380 434 1441; x_wconf 85' lang='lat' dir='ltr'>sessum]</span> <span class='ocrx_word' id='word_1_94' title='bbox 474 1380 714 1429; x_wconf 86' lang='lat' dir='ltr'>verorum</span> <span class='ocrx_word' id='word_1_95' title='bbox 751 1381 995 1429; x_wconf 89' lang='lat' dir='ltr'>iudicum.</span> <span class='ocrx_word' id='word_1_96' title='bbox 1068 1382 1205 1443; x_wconf 83' lang='lat' dir='ltr'>Ergo</span> <span class='ocrx_word' id='word_1_97' title='bbox 1245 1396 1309 1429; x_wconf 88' lang='lat' dir='ltr'>ex</span> <span class='ocrx_word' id='word_1_98' title='bbox 1345 1380 1424 1428; x_wconf 88' lang='lat' dir='ltr'>his</span> <span class='ocrx_word' id='word_1_99' title='bbox 1463 1380 1658 1440; x_wconf 81' lang='lat' dir='ltr'>causiS‚</span> <span class='ocrx_word' id='word_1_100' title='bbox 1710 1380 1799 1428; x_wconf 88' lang='lat' dir='ltr'>sed</span> <span class='ocrx_word' id='word_1_101' title='bbox 1839 1380 1993 1428; x_wconf 91' lang='lat' dir='ltr'>etiam</span> <span class='ocrx_word' id='word_1_102' title='bbox 2032 1384 2339 1442; x_wconf 90' lang='lat' dir='ltr'>propterea,</span> <span class='ocrx_word' id='word_1_103' title='bbox 2377 1376 2493 1424; x_wconf 75' lang='lat' dir='ltr'>Rffli</span> 
     </span>
     <span class='ocr_line' id='line_1_13' title="bbox 214 1455 2494 1522; baseline -0.001 -16"><span class='ocrx_word' id='word_1_104' title='bbox 214 1458 423 1519; x_wconf 89' lang='lat' dir='ltr'>Patres,</span> <span class='ocrx_word' id='word_1_105' title='bbox 476 1460 612 1522; x_wconf 92' lang='lat' dir='ltr'>quod</span> <span class='ocrx_word' id='word_1_106' title='bbox 650 1459 746 1520; x_wconf 91' lang='lat' dir='ltr'>illi,</span> <span class='ocrx_word' id='word_1_107' title='bbox 799 1460 886 1522; x_wconf 90' lang='lat' dir='ltr'>qui</span> <span class='ocrx_word' id='word_1_108' title='bbox 924 1461 988 1507; x_wconf 88' lang='lat' dir='ltr'>ad</span> <span class='ocrx_word' id='word_1_109' title='bbox 1025 1459 1177 1507; x_wconf 91' lang='lat' dir='ltr'>finem</span> <span class='ocrx_word' id='word_1_110' title='bbox 1218 1458 1435 1507; x_wconf 82' lang='lat' dir='ltr'>Concilii</span> <span class='ocrx_word' id='word_1_111' title='bbox 1472 1458 1822 1521; x_wconf 89' lang='lat' dir='ltr'>supervicturi</span> <span class='ocrx_word' id='word_1_112' title='bbox 1860 1474 1925 1506; x_wconf 87' lang='lat' dir='ltr'>ex</span> <span class='ocrx_word' id='word_1_113' title='bbox 1973 1458 2123 1506; x_wconf 90' lang='lat' dir='ltr'>nobis</span> <span class='ocrx_word' id='word_1_114' title='bbox 2173 1459 2318 1517; x_wconf 88' lang='lat' dir='ltr'>sunt,</span> <span class='ocrx_word' id='word_1_115' title='bbox 2375 1455 2494 1503; x_wconf 89' lang='lat' dir='ltr'>sub-</span> 
     </span>
     <span class='ocr_line' id='line_1_14' title="bbox 215 1533 2493 1601; baseline -0.002 -17"><span class='ocrx_word' id='word_1_116' title='bbox 215 1538 440 1585; x_wconf 88' lang='lat' dir='ltr'>scribent</span> <span class='ocrx_word' id='word_1_117' title='bbox 478 1538 607 1585; x_wconf 88' lang='lat' dir='ltr'>actis</span> <span class='ocrx_word' id='word_1_118' title='bbox 645 1537 886 1586; x_wconf 81' lang='lat' dir='ltr'>Concilii:</span> <span class='ocrx_word' id='word_1_119' title='bbox 938 1537 1043 1601; x_wconf 66' lang='lat' dir='ltr'>qu</span> <span class='ocrx_word' id='word_1_120' title='bbox 1081 1539 1314 1598; x_wconf 62' lang='lat' dir='ltr'>definiens</span> <span class='ocrx_word' id='word_1_121' title='bbox 1349 1537 1648 1599; x_wconf 62' lang='lat' dir='ltr'>subscripsi,-</span> <span class='ocrx_word' id='word_1_122' title='bbox 1694 1540 1973 1600; x_wconf 90' lang='lat' dir='ltr'>propterea</span> <span class='ocrx_word' id='word_1_123' title='bbox 2011 1535 2279 1599; x_wconf 87' lang='lat' dir='ltr'>deputatio</span> <span class='ocrx_word' id='word_1_124' title='bbox 2318 1533 2493 1582; x_wconf 87' lang='lat' dir='ltr'>existi-</span> 
     </span>
     <span class='ocr_line' id='line_1_15' title="bbox 214 1611 2491 1679; baseline -0.002 -17"><span class='ocrx_word' id='word_1_125' title='bbox 214 1616 388 1675; x_wconf 90' lang='lat' dir='ltr'>mavit,</span> <span class='ocrx_word' id='word_1_126' title='bbox 434 1620 488 1663; x_wconf 88' lang='lat' dir='ltr'>ut</span> <span class='ocrx_word' id='word_1_127' title='bbox 525 1616 809 1678; x_wconf 88' lang='lat' dir='ltr'>propositio</span> <span class='ocrx_word' id='word_1_128' title='bbox 847 1620 1056 1664; x_wconf 86' lang='lat' dir='ltr'>maneat</span> <span class='ocrx_word' id='word_1_129' title='bbox 1093 1616 1245 1664; x_wconf 89' lang='lat' dir='ltr'>sicuti</span> <span class='ocrx_word' id='word_1_130' title='bbox 1283 1620 1376 1677; x_wconf 88' lang='lat' dir='ltr'>est,</span> <span class='ocrx_word' id='word_1_131' title='bbox 1416 1619 1663 1679; x_wconf 83' lang='lat' dir='ltr'>tanquam</span> <span class='ocrx_word' id='word_1_132' title='bbox 1701 1615 2076 1678; x_wconf 86' lang='lat' dir='ltr'>Episcoporum</span> <span class='ocrx_word' id='word_1_133' title='bbox 2115 1614 2215 1662; x_wconf 90' lang='lat' dir='ltr'>iuri</span> <span class='ocrx_word' id='word_1_134' title='bbox 2252 1611 2491 1661; x_wconf 71' lang='lat' dir='ltr'>absolute</span> 
     </span>
     <span class='ocr_line' id='line_1_16' title="bbox 213 1692 1775 1757; baseline 0.002 -17"><span class='ocrx_word' id='word_1_135' title='bbox 213 1693 341 1741; x_wconf 90' lang='lat' dir='ltr'>nihil</span> <span class='ocrx_word' id='word_1_136' title='bbox 381 1692 704 1742; x_wconf 81' lang='lat' dir='ltr'>detrahens,“</span> <span class='ocrx_word' id='word_1_137' title='bbox 780 1694 863 1754; x_wconf 87' lang='lat' dir='ltr'>(V.</span> <span class='ocrx_word' id='word_1_138' title='bbox 902 1695 1105 1743; x_wconf 87' lang='lat' dir='ltr'>Relatio</span> <span class='ocrx_word' id='word_1_139' title='bbox 1144 1699 1240 1743; x_wconf 88' lang='lat' dir='ltr'>etc.</span> <span class='ocrx_word' id='word_1_140' title='bbox 1302 1694 1357 1743; x_wconf 79' lang='lat' dir='ltr'>O.</span> <span class='ocrx_word' id='word_1_141' title='bbox 1395 1694 1457 1742; x_wconf 89' lang='lat' dir='ltr'>V.</span> <span class='ocrx_word' id='word_1_142' title='bbox 1498 1696 1606 1742; x_wconf 59' lang='lat' dir='ltr'>‘Ma</span> <span class='ocrx_word' id='word_1_143' title='bbox 1644 1694 1775 1757; x_wconf 87' lang='lat' dir='ltr'>sqq.)</span> 
     </span>
    </p>

    <p class='ocr_par' dir='ltr' id='par_1_7' title="bbox 211 1771 2492 2694">
     <span class='ocr_line' id='line_1_17' title="bbox 364 1771 2483 1836; baseline -0.001 -17"><span class='ocrx_word' id='word_1_144' title='bbox 364 1771 379 1798; x_wconf 81' lang='lat'>1</span> <span class='ocrx_word' id='word_1_145' title='bbox 417 1772 563 1820; x_wconf 86' lang='lat' dir='ltr'>Inter</span> <span class='ocrx_word' id='word_1_146' title='bbox 608 1773 995 1820; x_wconf 85' lang='lat' dir='ltr'>emendationes</span> <span class='ocrx_word' id='word_1_147' title='bbox 1034 1773 1086 1821; x_wconf 91' lang='lat' dir='ltr'>in</span> <span class='ocrx_word' id='word_1_148' title='bbox 1126 1773 1448 1821; x_wconf 85' lang='lat' dir='ltr'>discussione</span> <span class='ocrx_word' id='word_1_149' title='bbox 1488 1773 1700 1835; x_wconf 90' lang='lat' dir='ltr'>speciali</span> <span class='ocrx_word' id='word_1_150' title='bbox 1737 1773 1991 1835; x_wconf 90' lang='lat' dir='ltr'>prooemii</span> <span class='ocrx_word' id='word_1_151' title='bbox 2027 1772 2324 1836; x_wconf 89' lang='lat' dir='ltr'>propositas</span> <span class='ocrx_word' id='word_1_152' title='bbox 2375 1784 2483 1817; x_wconf 91' lang='lat' dir='ltr'>con-</span> 
     </span>
     <span class='ocr_line' id='line_1_18' title="bbox 213 1848 2485 1915; baseline -0.001 -18"><span class='ocrx_word' id='word_1_153' title='bbox 213 1850 479 1898; x_wconf 90' lang='lat' dir='ltr'>tinebatur</span> <span class='ocrx_word' id='word_1_154' title='bbox 517 1851 671 1899; x_wconf 91' lang='lat' dir='ltr'>etiam</span> <span class='ocrx_word' id='word_1_155' title='bbox 711 1852 858 1912; x_wconf 86' lang='lat' dir='ltr'>talis,</span> <span class='ocrx_word' id='word_1_156' title='bbox 914 1868 1015 1914; x_wconf 90' lang='lat' dir='ltr'>qua</span> <span class='ocrx_word' id='word_1_157' title='bbox 1062 1867 1164 1899; x_wconf 87' lang='lat' dir='ltr'>vox</span> <span class='ocrx_word' id='word_1_158' title='bbox 1201 1852 1560 1915; x_wconf 88' lang='lat' dir='ltr'>proscribendi</span> <span class='ocrx_word' id='word_1_159' title='bbox 1609 1855 1660 1900; x_wconf 91' lang='lat' dir='ltr'>et</span> <span class='ocrx_word' id='word_1_160' title='bbox 1698 1851 1977 1900; x_wconf 88' lang='lat' dir='ltr'>damnandi</span> <span class='ocrx_word' id='word_1_161' title='bbox 2012 1853 2298 1900; x_wconf 87' lang='lat' dir='ltr'>vitabatur.</span> <span class='ocrx_word' id='word_1_162' title='bbox 2368 1848 2485 1895; x_wconf 81' lang='lat' dir='ltr'>Pro-</span> 
     </span>
     <span class='ocr_line' id='line_1_19' title="bbox 213 1928 2487 1993; baseline -0.001 -17"><span class='ocrx_word' id='word_1_163' title='bbox 213 1930 438 1989; x_wconf 86' lang='lat' dir='ltr'>ponebat</span> <span class='ocrx_word' id='word_1_164' title='bbox 485 1945 650 1988; x_wconf 91' lang='lat' dir='ltr'>unus,</span> <span class='ocrx_word' id='word_1_165' title='bbox 711 1934 769 1978; x_wconf 91' lang='lat' dir='ltr'>ut</span> <span class='ocrx_word' id='word_1_166' title='bbox 816 1934 934 1993; x_wconf 88' lang='lat' dir='ltr'>post</span> <span class='ocrx_word' id='word_1_167' title='bbox 982 1931 1142 1978; x_wconf 89' lang='lat' dir='ltr'>verba</span> <span class='ocrx_word' id='word_1_168' title='bbox 1198 1931 1495 1992; x_wconf 87' lang='lat' dir='ltr'>„declarare</span> <span class='ocrx_word' id='word_1_169' title='bbox 1545 1928 1940 1979; x_wconf 87' lang='lat' dir='ltr'>constituimus“</span> <span class='ocrx_word' id='word_1_170' title='bbox 1994 1930 2160 1978; x_wconf 90' lang='lat' dir='ltr'>solum</span> <span class='ocrx_word' id='word_1_171' title='bbox 2210 1928 2487 1977; x_wconf 82' lang='lat' dir='ltr'>adderetur</span> 
     </span>
     <span class='ocr_line' id='line_1_20' title="bbox 216 2004 2486 2072; baseline -0.001 -18"><span class='ocrx_word' id='word_1_172' title='bbox 216 2022 553 2070; x_wconf 77' lang='lat' dir='ltr'>„erroresque</span> <span class='ocrx_word' id='word_1_173' title='bbox 589 2008 834 2055; x_wconf 91' lang='lat' dir='ltr'>adversos</span> <span class='ocrx_word' id='word_1_174' title='bbox 872 2009 1126 2067; x_wconf 90' lang='lat' dir='ltr'>omnibus,</span> <span class='ocrx_word' id='word_1_175' title='bbox 1167 2009 1253 2071; x_wconf 93' lang='lat' dir='ltr'>qui</span> <span class='ocrx_word' id='word_1_176' title='bbox 1292 2009 1567 2057; x_wconf 89' lang='lat' dir='ltr'>salvandos</span> <span class='ocrx_word' id='word_1_177' title='bbox 1594 2025 1649 2057; x_wconf 88' lang='lat' dir='ltr'>se</span> <span class='ocrx_word' id='word_1_178' title='bbox 1676 2014 1902 2072; x_wconf 83' lang='lat' dir='ltr'>sperent,</span> <span class='ocrx_word' id='word_1_179' title='bbox 1939 2009 2235 2071; x_wconf 86' lang='lat' dir='ltr'>indigitare,</span> <span class='ocrx_word' id='word_1_180' title='bbox 2273 2010 2333 2054; x_wconf 93' lang='lat' dir='ltr'>ut</span> <span class='ocrx_word' id='word_1_181' title='bbox 2368 2004 2486 2053; x_wconf 88' lang='lat' dir='ltr'>illos</span> 
     </span>
     <span class='ocr_line' id='line_1_21' title="bbox 213 2083 2490 2148; baseline -0 -17"><span class='ocrx_word' id='word_1_182' title='bbox 213 2091 499 2146; x_wconf 84' lang='lat' dir='ltr'>agnoscant</span> <span class='ocrx_word' id='word_1_183' title='bbox 536 2086 846 2148; x_wconf 85' lang='lat' dir='ltr'>agnitosque</span> <span class='ocrx_word' id='word_1_184' title='bbox 885 2084 1130 2135; x_wconf 79' lang='lat' dir='ltr'>evitent“.</span> <span class='ocrx_word' id='word_1_185' title='bbox 1189 2085 1613 2147; x_wconf 85' lang='lat' dir='ltr'>(Emendationes</span> <span class='ocrx_word' id='word_1_186' title='bbox 1652 2092 1748 2136; x_wconf 92' lang='lat' dir='ltr'>etc.</span> <span class='ocrx_word' id='word_1_187' title='bbox 1799 2087 1854 2136; x_wconf 80' lang='lat' dir='ltr'>O.</span> <span class='ocrx_word' id='word_1_188' title='bbox 1892 2087 1954 2135; x_wconf 86' lang='lat' dir='ltr'>V.</span> <span class='ocrx_word' id='word_1_189' title='bbox 1994 2085 2139 2145; x_wconf 67' lang='lat' dir='ltr'>flod.)</span> <span class='ocrx_word' id='word_1_190' title='bbox 2192 2083 2490 2147; x_wconf 88' lang='lat' dir='ltr'>Respondet</span> 
     </span>
     <span class='ocr_line' id='line_1_22' title="bbox 213 2161 2490 2226; baseline -0.001 -17"><span class='ocrx_word' id='word_1_191' title='bbox 213 2161 456 2225; x_wconf 85' lang='lat' dir='ltr'>Archiep.</span> <span class='ocrx_word' id='word_1_192' title='bbox 495 2162 676 2225; x_wconf 82' lang='lat' dir='ltr'>Simor,</span> <span class='ocrx_word' id='word_1_193' title='bbox 715 2164 1066 2226; x_wconf 88' lang='lat' dir='ltr'>deputationis</span> <span class='ocrx_word' id='word_1_194' title='bbox 1104 2165 1326 2213; x_wconf 87' lang='lat' dir='ltr'>relator:</span> <span class='ocrx_word' id='word_1_195' title='bbox 1385 2165 1675 2226; x_wconf 74' lang='lat' dir='ltr'>„Haeccine</span> <span class='ocrx_word' id='word_1_196' title='bbox 1713 2170 1791 2214; x_wconf 89' lang='lat' dir='ltr'>est</span> <span class='ocrx_word' id='word_1_197' title='bbox 1828 2166 2105 2214; x_wconf 87' lang='lat' dir='ltr'>destinatio</span> <span class='ocrx_word' id='word_1_198' title='bbox 2144 2163 2490 2213; x_wconf 84' lang='lat' dir='ltr'>Conciliorum</span> 
     </span>
     <span class='ocr_line' id='line_1_23' title="bbox 212 2239 2490 2306; baseline -0 -19"><span class='ocrx_word' id='word_1_199' title='bbox 212 2241 678 2301; x_wconf 86' lang='lat' dir='ltr'>oecumenicorum,</span> <span class='ocrx_word' id='word_1_200' title='bbox 718 2248 774 2288; x_wconf 88' lang='lat' dir='ltr'>ut</span> <span class='ocrx_word' id='word_1_201' title='bbox 814 2258 1017 2290; x_wconf 92' lang='lat' dir='ltr'>errores</span> <span class='ocrx_word' id='word_1_202' title='bbox 1053 2246 1253 2290; x_wconf 84' lang='lat' dir='ltr'>tantum</span> <span class='ocrx_word' id='word_1_203' title='bbox 1288 2243 1565 2305; x_wconf 87' lang='lat' dir='ltr'>indigitent</span> <span class='ocrx_word' id='word_1_204' title='bbox 1602 2246 1654 2291; x_wconf 89' lang='lat' dir='ltr'>et</span> <span class='ocrx_word' id='word_1_205' title='bbox 1690 2244 1968 2306; x_wconf 87' lang='lat' dir='ltr'>indigitent</span> <span class='ocrx_word' id='word_1_206' title='bbox 2004 2243 2104 2290; x_wconf 89' lang='lat' dir='ltr'>illis</span> <span class='ocrx_word' id='word_1_207' title='bbox 2143 2246 2362 2301; x_wconf 90' lang='lat' dir='ltr'>tantum,</span> <span class='ocrx_word' id='word_1_208' title='bbox 2403 2239 2490 2301; x_wconf 91' lang='lat' dir='ltr'>qui</span> 
     </span>
     <span class='ocr_line' id='line_1_24' title="bbox 211 2318 2490 2382; baseline 0 -17"><span class='ocrx_word' id='word_1_209' title='bbox 211 2318 394 2366; x_wconf 89' lang='lat' dir='ltr'>volunt</span> <span class='ocrx_word' id='word_1_210' title='bbox 419 2319 645 2366; x_wconf 73' lang='lat' dir='ltr'>salvari?</span> <span class='ocrx_word' id='word_1_211' title='bbox 696 2318 880 2368; x_wconf 90' lang='lat' dir='ltr'>Omnia</span> <span class='ocrx_word' id='word_1_212' title='bbox 906 2319 1138 2368; x_wconf 82' lang='lat' dir='ltr'>Concilia</span> <span class='ocrx_word' id='word_1_213' title='bbox 1164 2336 1366 2368; x_wconf 90' lang='lat' dir='ltr'>errores</span> <span class='ocrx_word' id='word_1_214' title='bbox 1393 2321 1900 2382; x_wconf 80' lang='lat' dir='ltr'>condemnaverunt3</span> <span class='ocrx_word' id='word_1_215' title='bbox 1928 2336 2146 2381; x_wconf 89' lang='lat' dir='ltr'>errores,</span> <span class='ocrx_word' id='word_1_216' title='bbox 2183 2335 2288 2367; x_wconf 90' lang='lat' dir='ltr'>non</span> <span class='ocrx_word' id='word_1_217' title='bbox 2314 2322 2490 2367; x_wconf 87' lang='lat' dir='ltr'>autem</span> 
     </span>
     <span class='ocr_line' id='line_1_25' title="bbox 214 2397 2492 2462; baseline 0 -19"><span class='ocrx_word' id='word_1_218' title='bbox 214 2400 477 2459; x_wconf 78' lang='lat' dir='ltr'>errantes3</span> <span class='ocrx_word' id='word_1_219' title='bbox 518 2397 690 2444; x_wconf 91' lang='lat' dir='ltr'>omnia</span> <span class='ocrx_word' id='word_1_220' title='bbox 727 2397 959 2446; x_wconf 79' lang='lat' dir='ltr'>Concilia</span> <span class='ocrx_word' id='word_1_221' title='bbox 996 2414 1120 2460; x_wconf 90' lang='lat' dir='ltr'>prae</span> <span class='ocrx_word' id='word_1_222' title='bbox 1160 2399 1322 2446; x_wconf 90' lang='lat' dir='ltr'>oculis</span> <span class='ocrx_word' id='word_1_223' title='bbox 1360 2399 1656 2447; x_wconf 86' lang='lat' dir='ltr'>habuerunt</span> <span class='ocrx_word' id='word_1_224' title='bbox 1693 2400 1822 2447; x_wconf 90' lang='lat' dir='ltr'>illud</span> <span class='ocrx_word' id='word_1_225' title='bbox 1861 2399 1908 2448; x_wconf 79' lang='lat' dir='ltr'>S.</span> <span class='ocrx_word' id='word_1_226' title='bbox 1946 2398 2255 2462; x_wconf 86' lang='lat' dir='ltr'>Augustini:</span> <span class='ocrx_word' id='word_1_227' title='bbox 2309 2397 2492 2458; x_wconf 88' lang='lat' dir='ltr'>,Inter-</span> 
     </span>
     <span class='ocr_line' id='line_1_26' title="bbox 211 2473 2492 2540; baseline 0 -19"><span class='ocrx_word' id='word_1_228' title='bbox 211 2473 351 2522; x_wconf 91' lang='lat' dir='ltr'>ficite</span> <span class='ocrx_word' id='word_1_229' title='bbox 389 2490 608 2536; x_wconf 88' lang='lat' dir='ltr'>errores,</span> <span class='ocrx_word' id='word_1_230' title='bbox 649 2476 739 2523; x_wconf 90' lang='lat' dir='ltr'>sed</span> <span class='ocrx_word' id='word_1_231' title='bbox 766 2477 964 2538; x_wconf 89' lang='lat' dir='ltr'>diligite</span> <span class='ocrx_word' id='word_1_232' title='bbox 994 2475 1264 2525; x_wconf 89' lang='lat' dir='ltr'>errantes.‘</span> <span class='ocrx_word' id='word_1_233' title='bbox 1316 2477 1455 2539; x_wconf 86' lang='lat' dir='ltr'>Ergo</span> <span class='ocrx_word' id='word_1_234' title='bbox 1484 2478 1753 2540; x_wconf 86' lang='lat' dir='ltr'>deputatio</span> <span class='ocrx_word' id='word_1_235' title='bbox 1793 2478 2074 2539; x_wconf 86' lang='lat' dir='ltr'>existimat,</span> <span class='ocrx_word' id='word_1_236' title='bbox 2115 2477 2273 2526; x_wconf 90' lang='lat' dir='ltr'>etiam</span> <span class='ocrx_word' id='word_1_237' title='bbox 2297 2476 2492 2523; x_wconf 85' lang='lat' dir='ltr'>hancce</span> 
     </span>
     <span class='ocr_line' id='line_1_27' title="bbox 216 2553 2490 2616; baseline 0 -17"><span class='ocrx_word' id='word_1_238' title='bbox 216 2554 553 2601; x_wconf 85' lang='lat' dir='ltr'>mutationem</span> <span class='ocrx_word' id='word_1_239' title='bbox 581 2555 951 2616; x_wconf 83' lang='lat' dir='ltr'>acceptandam</span> <span class='ocrx_word' id='word_1_240' title='bbox 977 2571 1083 2603; x_wconf 87' lang='lat' dir='ltr'>non</span> <span class='ocrx_word' id='word_1_241' title='bbox 1111 2571 1222 2603; x_wconf 88' lang='lat' dir='ltr'>esse</span> <span class='ocrx_word' id='word_1_242' title='bbox 1251 2555 1393 2602; x_wconf 87' lang='lat' dir='ltr'>salvo</span> <span class='ocrx_word' id='word_1_243' title='bbox 1420 2556 1622 2604; x_wconf 90' lang='lat' dir='ltr'>meliori</span> <span class='ocrx_word' id='word_1_244' title='bbox 1648 2560 1821 2604; x_wconf 83' lang='lat' dir='ltr'>vestro</span> <span class='ocrx_word' id='word_1_245' title='bbox 1849 2553 2085 2604; x_wconf 78' lang='lat' dir='ltr'>iudicio.“</span> <span class='ocrx_word' id='word_1_246' title='bbox 2141 2554 2364 2614; x_wconf 83' lang='lat' dir='ltr'>(Relatio</span> <span class='ocrx_word' id='word_1_247' title='bbox 2393 2559 2490 2601; x_wconf 85' lang='lat' dir='ltr'>etc.</span> 
     </span>
     <span class='ocr_line' id='line_1_28' title="bbox 213 2628 653 2694; baseline 0 -16"><span class='ocrx_word' id='word_1_248' title='bbox 213 2628 269 2678; x_wconf 82' lang='lat' dir='ltr'>G.</span> <span class='ocrx_word' id='word_1_249' title='bbox 306 2630 368 2678; x_wconf 91' lang='lat' dir='ltr'>V.</span> <span class='ocrx_word' id='word_1_250' title='bbox 407 2631 518 2678; x_wconf 71' lang='lat' dir='ltr'>94d</span> <span class='ocrx_word' id='word_1_251' title='bbox 556 2630 653 2694; x_wconf 89' lang='lat' dir='ltr'>sq.)</span> 
     </span>
    </p>

    <p class='ocr_par' dir='ltr' id='par_1_8' title="bbox 209 2708 2493 3707">
     <span class='ocr_line' id='line_1_29' title="bbox 347 2708 2493 2776; baseline 0.001 -21"><span class='ocrx_word' id='word_1_252' title='bbox 347 2708 515 2765; x_wconf 84' lang='lat' dir='ltr'>Quum</span> <span class='ocrx_word' id='word_1_253' title='bbox 563 2710 614 2757; x_wconf 92' lang='lat' dir='ltr'>in</span> <span class='ocrx_word' id='word_1_254' title='bbox 653 2709 1071 2773; x_wconf 80' lang='lat' dir='ltr'>Congregatione</span> <span class='ocrx_word' id='word_1_255' title='bbox 1119 2712 1351 2773; x_wconf 86' lang='lat' dir='ltr'>generali</span> <span class='ocrx_word' id='word_1_256' title='bbox 1404 2712 1802 2775; x_wconf 86' lang='lat' dir='ltr'>quadragesima</span> <span class='ocrx_word' id='word_1_257' title='bbox 1853 2713 2035 2776; x_wconf 90' lang='lat' dir='ltr'>quinta</span> <span class='ocrx_word' id='word_1_258' title='bbox 2084 2712 2147 2760; x_wconf 94' lang='lat' dir='ltr'>de</span> <span class='ocrx_word' id='word_1_259' title='bbox 2199 2714 2312 2760; x_wconf 89' lang='lat' dir='ltr'>toto</span> <span class='ocrx_word' id='word_1_260' title='bbox 2351 2710 2493 2758; x_wconf 90' lang='lat' dir='ltr'>sche-</span> 
     </span>
     <span class='ocr_line' id='line_1_30' title="bbox 211 2788 2491 2854; baseline 0 -21"><span class='ocrx_word' id='word_1_261' title='bbox 211 2790 347 2834; x_wconf 87' lang='lat' dir='ltr'>mate</span> <span class='ocrx_word' id='word_1_262' title='bbox 386 2792 657 2848; x_wconf 83' lang='lat' dir='ltr'>ageretur,</span> <span class='ocrx_word' id='word_1_263' title='bbox 707 2804 840 2836; x_wconf 89' lang='lat' dir='ltr'>unus</span> <span class='ocrx_word' id='word_1_264' title='bbox 879 2805 943 2836; x_wconf 83' lang='lat' dir='ltr'>ex</span> <span class='ocrx_word' id='word_1_265' title='bbox 979 2788 1226 2838; x_wconf 90' lang='lat' dir='ltr'>Patribus</span> <span class='ocrx_word' id='word_1_266' title='bbox 1278 2791 1468 2851; x_wconf 83' lang='lat' dir='ltr'>voluit,</span> <span class='ocrx_word' id='word_1_267' title='bbox 1520 2791 1573 2838; x_wconf 93' lang='lat' dir='ltr'>in</span> <span class='ocrx_word' id='word_1_268' title='bbox 1620 2791 1720 2839; x_wconf 91' lang='lat' dir='ltr'>fine</span> <span class='ocrx_word' id='word_1_269' title='bbox 1767 2791 2018 2854; x_wconf 88' lang='lat' dir='ltr'>prooemii</span> <span class='ocrx_word' id='word_1_270' title='bbox 2068 2790 2213 2852; x_wconf 89' lang='lat' dir='ltr'>addi,</span> <span class='ocrx_word' id='word_1_271' title='bbox 2272 2788 2491 2851; x_wconf 87' lang='lat' dir='ltr'>„nemini</span> 
     </span>
     <span class='ocr_line' id='line_1_31' title="bbox 210 2864 2491 2932; baseline 0.001 -21"><span class='ocrx_word' id='word_1_272' title='bbox 210 2864 365 2912; x_wconf 91' lang='lat' dir='ltr'>licere</span> <span class='ocrx_word' id='word_1_273' title='bbox 404 2865 598 2927; x_wconf 87' lang='lat' dir='ltr'>absque</span> <span class='ocrx_word' id='word_1_274' title='bbox 637 2866 820 2914; x_wconf 85' lang='lat' dir='ltr'>salutis</span> <span class='ocrx_word' id='word_1_275' title='bbox 860 2867 1127 2929; x_wconf 87' lang='lat' dir='ltr'>dispendio</span> <span class='ocrx_word' id='word_1_276' title='bbox 1168 2869 1389 2929; x_wconf 88' lang='lat' dir='ltr'>sentire,</span> <span class='ocrx_word' id='word_1_277' title='bbox 1429 2869 1615 2917; x_wconf 90' lang='lat' dir='ltr'>docere</span> <span class='ocrx_word' id='word_1_278' title='bbox 1654 2874 1745 2917; x_wconf 90' lang='lat' dir='ltr'>aut</span> <span class='ocrx_word' id='word_1_279' title='bbox 1780 2869 2082 2932; x_wconf 88' lang='lat' dir='ltr'>praedicare</span> <span class='ocrx_word' id='word_1_280' title='bbox 2119 2884 2292 2929; x_wconf 90' lang='lat' dir='ltr'>secus,</span> <span class='ocrx_word' id='word_1_281' title='bbox 2344 2882 2402 2914; x_wconf 87' lang='lat' dir='ltr'>ac</span> <span class='ocrx_word' id='word_1_282' title='bbox 2439 2866 2491 2913; x_wconf 92' lang='lat' dir='ltr'>in</span> 
     </span>
     <span class='ocr_line' id='line_1_32' title="bbox 209 2941 2492 3010; baseline 0.002 -22"><span class='ocrx_word' id='word_1_283' title='bbox 209 2942 306 2989; x_wconf 87' lang='lat' dir='ltr'>hac</span> <span class='ocrx_word' id='word_1_284' title='bbox 345 2941 733 2991; x_wconf 81' lang='lat' dir='ltr'>Constitutione</span> <span class='ocrx_word' id='word_1_285' title='bbox 783 2945 1083 2993; x_wconf 87' lang='lat' dir='ltr'>declaratur</span> <span class='ocrx_word' id='word_1_286' title='bbox 1123 2950 1172 2993; x_wconf 87' lang='lat' dir='ltr'>et</span> <span class='ocrx_word' id='word_1_287' title='bbox 1219 2944 1512 3009; x_wconf 73' lang='lat' dir='ltr'>definitur⁶⁴,</span> <span class='ocrx_word' id='word_1_288' title='bbox 1570 2951 1658 3009; x_wconf 77' lang='lat' dir='ltr'>„ut</span> <span class='ocrx_word' id='word_1_289' title='bbox 1695 2948 1991 3010; x_wconf 88' lang='lat' dir='ltr'>expressius</span> <span class='ocrx_word' id='word_1_290' title='bbox 2038 2947 2310 2995; x_wconf 88' lang='lat' dir='ltr'>refellatur</span> <span class='ocrx_word' id='word_1_291' title='bbox 2347 2960 2492 2993; x_wconf 91' lang='lat' dir='ltr'>error</span> 
     </span>
     <span class='ocr_line' id='line_1_33' title="bbox 213 3019 2491 3087; baseline 0.002 -20"><span class='ocrx_word' id='word_1_292' title='bbox 213 3035 390 3067; x_wconf 89' lang='lat' dir='ltr'>eorum</span> <span class='ocrx_word' id='word_1_293' title='bbox 429 3019 502 3080; x_wconf 90' lang='lat' dir='ltr'>(et</span> <span class='ocrx_word' id='word_1_294' title='bbox 540 3022 843 3069; x_wconf 88' lang='lat' dir='ltr'>nominatim</span> <span class='ocrx_word' id='word_1_295' title='bbox 883 3022 1232 3084; x_wconf 87' lang='lat' dir='ltr'>Denzingeri),</span> <span class='ocrx_word' id='word_1_296' title='bbox 1283 3025 1371 3087; x_wconf 90' lang='lat' dir='ltr'>qui</span> <span class='ocrx_word' id='word_1_297' title='bbox 1410 3026 1760 3087; x_wconf 87' lang='lat' dir='ltr'>contendant,</span> <span class='ocrx_word' id='word_1_298' title='bbox 1808 3042 1864 3073; x_wconf 82' lang='lat' dir='ltr'>ea</span> <span class='ocrx_word' id='word_1_299' title='bbox 1901 3030 2093 3073; x_wconf 69' lang='lat' dir='ltr'>tantum</span> <span class='ocrx_word' id='word_1_300' title='bbox 2131 3040 2195 3073; x_wconf 88' lang='lat' dir='ltr'>ex</span> <span class='ocrx_word' id='word_1_301' title='bbox 2233 3022 2491 3087; x_wconf 89' lang='lat' dir='ltr'>capitibus</span> 
     </span>
     <span class='ocr_line' id='line_1_34' title="bbox 211 3098 2490 3165; baseline 0.002 -20"><span class='ocrx_word' id='word_1_302' title='bbox 211 3098 437 3145; x_wconf 88' lang='lat' dir='ltr'>tenenda</span> <span class='ocrx_word' id='word_1_303' title='bbox 476 3113 588 3146; x_wconf 90' lang='lat' dir='ltr'>esse</span> <span class='ocrx_word' id='word_1_304' title='bbox 626 3103 683 3146; x_wconf 90' lang='lat' dir='ltr'>ut</span> <span class='ocrx_word' id='word_1_305' title='bbox 722 3100 950 3161; x_wconf 87' lang='lat' dir='ltr'>definita,</span> <span class='ocrx_word' id='word_1_306' title='bbox 992 3117 1126 3163; x_wconf 89' lang='lat' dir='ltr'>quae</span> <span class='ocrx_word' id='word_1_307' title='bbox 1165 3103 1411 3151; x_wconf 89' lang='lat' dir='ltr'>subiectis</span> <span class='ocrx_word' id='word_1_308' title='bbox 1452 3104 1735 3152; x_wconf 89' lang='lat' dir='ltr'>canonibus</span> <span class='ocrx_word' id='word_1_309' title='bbox 1773 3100 2144 3165; x_wconf 86' lang='lat' dir='ltr'>respondent“.</span> <span class='ocrx_word' id='word_1_310' title='bbox 2216 3101 2490 3162; x_wconf 82' lang='lat' dir='ltr'>(Emenda-</span> 
     </span>
     <span class='ocr_line' id='line_1_35' title="bbox 211 3174 2489 3245; baseline 0.003 -23"><span class='ocrx_word' id='word_1_311' title='bbox 211 3175 379 3223; x_wconf 90' lang='lat' dir='ltr'>tiones</span> <span class='ocrx_word' id='word_1_312' title='bbox 407 3179 504 3223; x_wconf 89' lang='lat' dir='ltr'>etc.</span> <span class='ocrx_word' id='word_1_313' title='bbox 556 3174 610 3224; x_wconf 81' lang='lat' dir='ltr'>O.</span> <span class='ocrx_word' id='word_1_314' title='bbox 638 3176 700 3225; x_wconf 88' lang='lat' dir='ltr'>V.</span> <span class='ocrx_word' id='word_1_315' title='bbox 728 3179 820 3224; x_wconf 81' lang='lat'>221</span> <span class='ocrx_word' id='word_1_316' title='bbox 840 3177 908 3236; x_wconf 89' lang='lat' dir='ltr'>a.)</span> <span class='ocrx_word' id='word_1_317' title='bbox 959 3177 1186 3242; x_wconf 90' lang='lat' dir='ltr'>Opponit</span> <span class='ocrx_word' id='word_1_318' title='bbox 1212 3180 1425 3243; x_wconf 88' lang='lat' dir='ltr'>relator,</span> <span class='ocrx_word' id='word_1_319' title='bbox 1467 3181 1603 3229; x_wconf 90' lang='lat' dir='ltr'>idem</span> <span class='ocrx_word' id='word_1_320' title='bbox 1630 3197 1732 3229; x_wconf 92' lang='lat' dir='ltr'>non</span> <span class='ocrx_word' id='word_1_321' title='bbox 1761 3181 1965 3245; x_wconf 91' lang='lat' dir='ltr'>quidem</span> <span class='ocrx_word' id='word_1_322' title='bbox 2007 3180 2263 3242; x_wconf 89' lang='lat' dir='ltr'>expressis</span> <span class='ocrx_word' id='word_1_323' title='bbox 2300 3180 2489 3242; x_wconf 91' lang='lat' dir='ltr'>verbis,</span> 
     </span>
     <span class='ocr_line' id='line_1_36' title="bbox 211 3253 2489 3320; baseline 0.004 -20"><span class='ocrx_word' id='word_1_324' title='bbox 211 3253 300 3300; x_wconf 92' lang='lat' dir='ltr'>sed</span> <span class='ocrx_word' id='word_1_325' title='bbox 336 3269 458 3301; x_wconf 92' lang='lat' dir='ltr'>vere</span> <span class='ocrx_word' id='word_1_326' title='bbox 496 3256 670 3302; x_wconf 91' lang='lat' dir='ltr'>tamen</span> <span class='ocrx_word' id='word_1_327' title='bbox 708 3256 971 3303; x_wconf 86' lang='lat' dir='ltr'>enuntiari</span> <span class='ocrx_word' id='word_1_328' title='bbox 1006 3257 1058 3304; x_wconf 92' lang='lat' dir='ltr'>in</span> <span class='ocrx_word' id='word_1_329' title='bbox 1094 3256 1195 3305; x_wconf 91' lang='lat' dir='ltr'>fine</span> <span class='ocrx_word' id='word_1_330' title='bbox 1231 3259 1481 3320; x_wconf 92' lang='lat' dir='ltr'>prooemii</span> <span class='ocrx_word' id='word_1_331' title='bbox 1531 3260 1701 3307; x_wconf 89' lang='lat' dir='ltr'>verbis</span> <span class='ocrx_word' id='word_1_332' title='bbox 1742 3258 1922 3320; x_wconf 87' lang='lat' dir='ltr'>„Nunc</span> <span class='ocrx_word' id='word_1_333' title='bbox 1960 3263 2133 3306; x_wconf 88' lang='lat' dir='ltr'>autem</span> <span class='ocrx_word' id='word_1_334' title='bbox 2187 3258 2489 3308; x_wconf 88' lang='lat' dir='ltr'>sedentibus</span> 
     </span>
     <span class='ocr_line' id='line_1_37' title="bbox 210 3330 2487 3400; baseline 0.003 -22"><span class='ocrx_word' id='word_1_335' title='bbox 210 3330 493 3380; x_wconf 87' lang='lat' dir='ltr'>Nobiscum</span> <span class='ocrx_word' id='word_1_336' title='bbox 522 3330 647 3379; x_wconf 87' lang='lat' dir='ltr'>etc.“</span> <span class='ocrx_word' id='word_1_337' title='bbox 697 3333 787 3393; x_wconf 87' lang='lat' dir='ltr'>„In</span> <span class='ocrx_word' id='word_1_338' title='bbox 813 3333 891 3380; x_wconf 89' lang='lat' dir='ltr'>his</span> <span class='ocrx_word' id='word_1_339' title='bbox 917 3334 1089 3381; x_wconf 91' lang='lat' dir='ltr'>verbis</span> <span class='ocrx_word' id='word_1_340' title='bbox 1117 3335 1300 3398; x_wconf 91' lang='lat' dir='ltr'>utique</span> <span class='ocrx_word' id='word_1_341' title='bbox 1327 3334 1562 3396; x_wconf 81' lang='lat' dir='ltr'>dicitur,“</span> <span class='ocrx_word' id='word_1_342' title='bbox 1593 3337 1779 3400; x_wconf 89' lang='lat' dir='ltr'>inquit,</span> <span class='ocrx_word' id='word_1_343' title='bbox 1822 3337 1987 3397; x_wconf 83' lang='lat' dir='ltr'>„inter</span> <span class='ocrx_word' id='word_1_344' title='bbox 2015 3336 2318 3397; x_wconf 85' lang='lat' dir='ltr'>doctrinam,</span> <span class='ocrx_word' id='word_1_345' title='bbox 2353 3352 2487 3399; x_wconf 91' lang='lat' dir='ltr'>quae</span> 
     </span>
     <span class='ocr_line' id='line_1_38' title="bbox 210 3408 2488 3476; baseline 0.004 -22"><span class='ocrx_word' id='word_1_346' title='bbox 210 3408 433 3458; x_wconf 87' lang='lat' dir='ltr'>habetur</span> <span class='ocrx_word' id='word_1_347' title='bbox 458 3410 510 3457; x_wconf 89' lang='lat' dir='ltr'>in</span> <span class='ocrx_word' id='word_1_348' title='bbox 537 3411 792 3472; x_wconf 87' lang='lat' dir='ltr'>capitibus</span> <span class='ocrx_word' id='word_1_349' title='bbox 822 3410 1225 3460; x_wconf 84' lang='lat' dir='ltr'>Constitutionis</span> <span class='ocrx_word' id='word_1_350' title='bbox 1264 3415 1325 3461; x_wconf 92' lang='lat' dir='ltr'>de</span> <span class='ocrx_word' id='word_1_351' title='bbox 1361 3414 1477 3475; x_wconf 92' lang='lat' dir='ltr'>fide,</span> <span class='ocrx_word' id='word_1_352' title='bbox 1507 3418 1559 3462; x_wconf 89' lang='lat' dir='ltr'>et</span> <span class='ocrx_word' id='word_1_353' title='bbox 1584 3415 1722 3462; x_wconf 89' lang='lat' dir='ltr'>inter</span> <span class='ocrx_word' id='word_1_354' title='bbox 1750 3414 2054 3475; x_wconf 87' lang='lat' dir='ltr'>doctrinam,</span> <span class='ocrx_word' id='word_1_355' title='bbox 2096 3430 2228 3476; x_wconf 88' lang='lat' dir='ltr'>quae</span> <span class='ocrx_word' id='word_1_356' title='bbox 2266 3415 2488 3464; x_wconf 87' lang='lat' dir='ltr'>habetur</span> 
     </span>
     <span class='ocr_line' id='line_1_39' title="bbox 209 3486 2488 3555; baseline 0.004 -22"><span class='ocrx_word' id='word_1_357' title='bbox 209 3486 261 3533; x_wconf 91' lang='lat' dir='ltr'>in</span> <span class='ocrx_word' id='word_1_358' title='bbox 283 3488 584 3549; x_wconf 87' lang='lat' dir='ltr'>canonibus,</span> <span class='ocrx_word' id='word_1_359' title='bbox 610 3503 713 3535; x_wconf 90' lang='lat' dir='ltr'>non</span> <span class='ocrx_word' id='word_1_360' title='bbox 733 3488 888 3535; x_wconf 88' lang='lat' dir='ltr'>aliam</span> <span class='ocrx_word' id='word_1_361' title='bbox 909 3505 1020 3536; x_wconf 90' lang='lat' dir='ltr'>esse</span> <span class='ocrx_word' id='word_1_362' title='bbox 1042 3490 1406 3552; x_wconf 86' lang='lat' dir='ltr'>differentiam,</span> <span class='ocrx_word' id='word_1_363' title='bbox 1428 3508 1582 3554; x_wconf 91' lang='lat' dir='ltr'>quam</span> <span class='ocrx_word' id='word_1_364' title='bbox 1603 3507 1736 3555; x_wconf 90' lang='lat' dir='ltr'>quae</span> <span class='ocrx_word' id='word_1_365' title='bbox 1756 3496 1834 3539; x_wconf 88' lang='lat' dir='ltr'>est</span> <span class='ocrx_word' id='word_1_366' title='bbox 1852 3492 1988 3539; x_wconf 88' lang='lat' dir='ltr'>inter</span> <span class='ocrx_word' id='word_1_367' title='bbox 2005 3492 2280 3555; x_wconf 83' lang='lat' dir='ltr'>positivam</span> <span class='ocrx_word' id='word_1_368' title='bbox 2301 3492 2488 3541; x_wconf 85' lang='lat' dir='ltr'>doctri-</span> 
     </span>
     <span class='ocr_line' id='line_1_40' title="bbox 209 3564 2488 3632; baseline 0.004 -22"><span class='ocrx_word' id='word_1_369' title='bbox 209 3579 327 3610; x_wconf 88' lang='lat' dir='ltr'>nam</span> <span class='ocrx_word' id='word_1_370' title='bbox 365 3564 427 3612; x_wconf 90' lang='lat' dir='ltr'>de</span> <span class='ocrx_word' id='word_1_371' title='bbox 462 3564 564 3612; x_wconf 91' lang='lat' dir='ltr'>fide</span> <span class='ocrx_word' id='word_1_372' title='bbox 601 3569 652 3613; x_wconf 93' lang='lat' dir='ltr'>et</span> <span class='ocrx_word' id='word_1_373' title='bbox 688 3565 1003 3627; x_wconf 88' lang='lat' dir='ltr'>negativam.</span> <span class='ocrx_word' id='word_1_374' title='bbox 1062 3567 1239 3615; x_wconf 87' lang='lat' dir='ltr'>Prima</span> <span class='ocrx_word' id='word_1_375' title='bbox 1275 3569 1443 3630; x_wconf 88' lang='lat' dir='ltr'>edicit,</span> <span class='ocrx_word' id='word_1_376' title='bbox 1484 3569 1605 3632; x_wconf 89' lang='lat' dir='ltr'>quid</span> <span class='ocrx_word' id='word_1_377' title='bbox 1644 3570 1710 3616; x_wconf 90' lang='lat' dir='ltr'>sit</span> <span class='ocrx_word' id='word_1_378' title='bbox 1749 3569 1811 3616; x_wconf 89' lang='lat' dir='ltr'>de</span> <span class='ocrx_word' id='word_1_379' title='bbox 1847 3569 1947 3617; x_wconf 86' lang='lat' dir='ltr'>fide</span> <span class='ocrx_word' id='word_1_380' title='bbox 1981 3570 2281 3632; x_wconf 84' lang='lat' dir='ltr'>tenendum3</span> <span class='ocrx_word' id='word_1_381' title='bbox 2320 3570 2488 3619; x_wconf 90' lang='lat' dir='ltr'>altera</span> 
     </span>
     <span class='ocr_line' id='line_1_41' title="bbox 209 3642 2484 3707; baseline 0.004 -20"><span class='ocrx_word' id='word_1_382' title='bbox 209 3656 350 3702; x_wconf 90' lang='lat' dir='ltr'>vero,</span> <span class='ocrx_word' id='word_1_383' title='bbox 381 3642 503 3704; x_wconf 90' lang='lat' dir='ltr'>quid</span> <span class='ocrx_word' id='word_1_384' title='bbox 532 3643 597 3690; x_wconf 92' lang='lat' dir='ltr'>sit</span> <span class='ocrx_word' id='word_1_385' title='bbox 626 3643 686 3691; x_wconf 93' lang='lat' dir='ltr'>de</span> <span class='ocrx_word' id='word_1_386' title='bbox 712 3643 812 3690; x_wconf 90' lang='lat' dir='ltr'>fide</span> <span class='ocrx_word' id='word_1_387' title='bbox 839 3643 1109 3692; x_wconf 89' lang='lat' dir='ltr'>vitandum</span> <span class='ocrx_word' id='word_1_388' title='bbox 1137 3649 1188 3692; x_wconf 91' lang='lat' dir='ltr'>et</span> <span class='ocrx_word' id='word_1_389' title='bbox 1214 3644 1609 3695; x_wconf 83' lang='lat' dir='ltr'>damnandum.“</span> <span class='ocrx_word' id='word_1_390' title='bbox 1656 3646 1881 3707; x_wconf 86' lang='lat' dir='ltr'>(Relatio</span> <span class='ocrx_word' id='word_1_391' title='bbox 1910 3651 2008 3695; x_wconf 91' lang='lat' dir='ltr'>etc.</span> <span class='ocrx_word' id='word_1_392' title='bbox 2064 3647 2118 3696; x_wconf 83' lang='lat' dir='ltr'>O.</span> <span class='ocrx_word' id='word_1_393' title='bbox 2146 3648 2207 3696; x_wconf 90' lang='lat' dir='ltr'>V.</span> <span class='ocrx_word' id='word_1_394' title='bbox 2235 3649 2331 3695; x_wconf 83' lang='lat'>234</span> <span class='ocrx_word' id='word_1_395' title='bbox 2346 3649 2394 3696; x_wconf 93' lang='lat' dir='ltr'>b.</span> <span class='ocrx_word' id='word_1_396' title='bbox 2422 3647 2484 3707; x_wconf 88' lang='lat' dir='ltr'>c.)</span> 
     </span>
    </p>

    <p class='ocr_par' dir='ltr' id='par_1_9' title="bbox 210 3717 2484 3864">
     <span class='ocr_line' id='line_1_42' title="bbox 360 3717 2484 3786; baseline 0.004 -21"><span class='ocrx_word' id='word_1_397' title='bbox 360 3717 375 3744; x_wconf 83' lang='lat'><strong>²</strong></span> <span class='ocrx_word' id='word_1_398' title='bbox 412 3718 642 3767; x_wconf 85' lang='lat' dir='ltr'>Primum</span> <span class='ocrx_word' id='word_1_399' title='bbox 689 3720 786 3768; x_wconf 93' lang='lat' dir='ltr'>hoc</span> <span class='ocrx_word' id='word_1_400' title='bbox 836 3725 992 3783; x_wconf 91' lang='lat' dir='ltr'>caput</span> <span class='ocrx_word' id='word_1_401' title='bbox 1045 3721 1376 3783; x_wconf 88' lang='lat' dir='ltr'>desumptum</span> <span class='ocrx_word' id='word_1_402' title='bbox 1425 3727 1504 3771; x_wconf 88' lang='lat' dir='ltr'>est</span> <span class='ocrx_word' id='word_1_403' title='bbox 1553 3739 1618 3771; x_wconf 85' lang='lat' dir='ltr'>ex</span> <span class='ocrx_word' id='word_1_404' title='bbox 1666 3723 1832 3786; x_wconf 87' lang='lat' dir='ltr'>capite</span> <span class='ocrx_word' id='word_1_405' title='bbox 1881 3725 2045 3785; x_wconf 89' lang='lat' dir='ltr'>primo</span> <span class='ocrx_word' id='word_1_406' title='bbox 2096 3725 2372 3773; x_wconf 87' lang='lat' dir='ltr'>schematis</span> <span class='ocrx_word' id='word_1_407' title='bbox 2422 3725 2484 3773; x_wconf 91' lang='lat' dir='ltr'>de</span> 
     </span>
     <span class='ocr_line' id='line_1_43' title="bbox 210 3794 2126 3864; baseline 0.005 -22"><span class='ocrx_word' id='word_1_408' title='bbox 210 3794 445 3844; x_wconf 89' lang='lat' dir='ltr'>doctrina</span> <span class='ocrx_word' id='word_1_409' title='bbox 482 3798 754 3860; x_wconf 87' lang='lat' dir='ltr'>catholica,</span> <span class='ocrx_word' id='word_1_410' title='bbox 792 3802 1010 3861; x_wconf 85' lang='lat' dir='ltr'>excepta</span> <span class='ocrx_word' id='word_1_411' title='bbox 1047 3799 1229 3848; x_wconf 91' lang='lat' dir='ltr'>ultima</span> <span class='ocrx_word' id='word_1_412' title='bbox 1265 3802 1609 3864; x_wconf 86' lang='lat' dir='ltr'>paragrapho.</span> <span class='ocrx_word' id='word_1_413' title='bbox 1661 3801 1737 3861; x_wconf 80' lang='lat' dir='ltr'>(O.</span> <span class='ocrx_word' id='word_1_414' title='bbox 1775 3801 1838 3849; x_wconf 90' lang='lat' dir='ltr'>V.</span> <span class='ocrx_word' id='word_1_415' title='bbox 1877 3803 1970 3849; x_wconf 73' lang='lat'>507</span> <span class='ocrx_word' id='word_1_416' title='bbox 1987 3803 2034 3851; x_wconf 91' lang='lat' dir='ltr'>b.</span> <span class='ocrx_word' id='word_1_417' title='bbox 2062 3803 2126 3862; x_wconf 90' lang='lat' dir='ltr'>c.)</span> 
     </span>
    </p>

    <p class='ocr_par' dir='ltr' id='par_1_10' title="bbox 359 3872 2483 3943">
     <span class='ocr_line' id='line_1_44' title="bbox 359 3872 2483 3943; baseline 0.004 -22"><span class='ocrx_word' id='word_1_418' title='bbox 359 3872 375 3899; x_wconf 77' lang='lat'><strong>3</strong></span> <span class='ocrx_word' id='word_1_419' title='bbox 416 3873 559 3930; x_wconf 84' lang='lat' dir='ltr'>Quae</span> <span class='ocrx_word' id='word_1_420' title='bbox 578 3877 933 3923; x_wconf 89' lang='lat' dir='ltr'>controversia</span> <span class='ocrx_word' id='word_1_421' title='bbox 953 3878 1214 3925; x_wconf 86' lang='lat' dir='ltr'>exstiterit</span> <span class='ocrx_word' id='word_1_422' title='bbox 1230 3879 1290 3926; x_wconf 90' lang='lat' dir='ltr'>de</span> <span class='ocrx_word' id='word_1_423' title='bbox 1306 3879 1385 3926; x_wconf 90' lang='lat' dir='ltr'>his</span> <span class='ocrx_word' id='word_1_424' title='bbox 1401 3880 1589 3940; x_wconf 89' lang='lat' dir='ltr'>verbis,</span> <span class='ocrx_word' id='word_1_425' title='bbox 1609 3896 1655 3927; x_wconf 93' lang='lat' dir='ltr'>v.</span> <span class='ocrx_word' id='word_1_426' title='bbox 1677 3895 1833 3942; x_wconf 87' lang='lat' dir='ltr'>supra</span> <span class='ocrx_word' id='word_1_427' title='bbox 1850 3896 1890 3927; x_wconf 95' lang='grc'>0.</span> <span class='ocrx_word' id='word_1_428' title='bbox 1908 3880 1948 3928; x_wconf 87' lang='grc' dir='ltr'>Ι.</span> <span class='ocrx_word' id='word_1_429' title='bbox 1971 3896 2151 3929; x_wconf 90' lang='lat' dir='ltr'>comm.</span> <span class='ocrx_word' id='word_1_430' title='bbox 2167 3881 2208 3929; x_wconf 91' lang='grc' dir='ltr'>Ι.</span> <span class='ocrx_word' id='word_1_431' title='bbox 2227 3898 2277 3942; x_wconf 87' lang='lat' dir='ltr'>p.</span> <span class='ocrx_word' id='word_1_432' title='bbox 2297 3883 2356 3928; x_wconf 75' lang='lat'>29</span> <span class='ocrx_word' id='word_1_433' title='bbox 2373 3896 2483 3943; x_wconf 88' lang='lat' dir='ltr'>sqq.</span> 
     </span>
    </p>

    <p class='ocr_par' dir='ltr' id='par_1_11' title="bbox 358 3949 2479 4022">
     <span class='ocr_line' id='line_1_45' title="bbox 358 3949 2479 4022; baseline 0.004 -24"><span class='ocrx_word' id='word_1_434' title='bbox 358 3949 376 3977; x_wconf 67' lang='lat'><strong>4</strong></span> <span class='ocrx_word' id='word_1_435' title='bbox 412 3951 514 3998; x_wconf 89' lang='lat' dir='ltr'>Uni</span> <span class='ocrx_word' id='word_1_436' title='bbox 552 3968 615 4000; x_wconf 81' lang='lat' dir='ltr'>ex</span> <span class='ocrx_word' id='word_1_437' title='bbox 651 3953 896 4002; x_wconf 89' lang='lat' dir='ltr'>Patribus</span> <span class='ocrx_word' id='word_1_438' title='bbox 933 3970 1035 4002; x_wconf 84' lang='lat' dir='ltr'>vox</span> <span class='ocrx_word' id='word_1_439' title='bbox 1063 3954 1327 4004; x_wconf 79' lang='lat' dir='ltr'>Creatoris</span> <span class='ocrx_word' id='word_1_440' title='bbox 1363 3957 1460 4004; x_wconf 89' lang='lat' dir='ltr'>hoc</span> <span class='ocrx_word' id='word_1_441' title='bbox 1497 3957 1610 4005; x_wconf 91' lang='lat' dir='ltr'>loco</span> <span class='ocrx_word' id='word_1_442' title='bbox 1650 3958 1936 4005; x_wconf 88' lang='lat' dir='ltr'>omittenda</span> <span class='ocrx_word' id='word_1_443' title='bbox 1975 3958 2280 4020; x_wconf 85' lang='lat' dir='ltr'>videbatur,¹</span> <span class='ocrx_word' id='word_1_444' title='bbox 2320 3974 2479 4022; x_wconf 92' lang='lat' dir='ltr'>quum</span> 
     </span>
    </p>
   </div>
  </div>
 </body>
</html>
