<?xml version="1.0" encoding="UTF-8"?>
<!DOCTYPE html PUBLIC "-//W3C//DTD XHTML 1.0 Transitional//EN"
    "http://www.w3.org/TR/xhtml1/DTD/xhtml1-transitional.dtd">
<html xmlns="http://www.w3.org/1999/xhtml" xml:lang="en" lang="en">
 <head>
  <title>
</title>
<meta http-equiv="Content-Type" content="text/html;charset=utf-8" />
  <meta name='ocr-system' content='tesseract 3.04.00' />
  <meta name='ocr-capabilities' content='ocr_page ocr_carea ocr_par ocr_line ocrx_word'/>
</head>
<body>
  <div class='ocr_page' id='page_1' title='image "a584483100granuoft_0033.png"; bbox 0 0 2548 4290; ppageno 0'>
   <div class='ocr_carea' id='block_1_1' title="bbox 225 180 2322 238">
    <p class='ocr_par' dir='ltr' id='par_1_1' title="bbox 225 180 2322 238">
     <span class='ocr_line' id='line_1_1' title="bbox 225 180 2322 238; baseline -0.003 -9"><span class='ocrx_word' id='word_1_1' title='bbox 225 186 413 230; x_wconf 85' lang='lat' dir='ltr'><strong>Schema</strong></span> <span class='ocrx_word' id='word_1_2' title='bbox 446 185 620 227; x_wconf 86' lang='lat' dir='ltr'><strong>reform.</strong></span> <span class='ocrx_word' id='word_1_3' title='bbox 656 184 711 226; x_wconf 91' lang='lat' dir='ltr'><strong>de</strong></span> <span class='ocrx_word' id='word_1_4' title='bbox 740 184 828 226; x_wconf 89' lang='lat' dir='ltr'><strong>fide</strong></span> <span class='ocrx_word' id='word_1_5' title='bbox 861 185 978 226; x_wconf 79' lang='lat' dir='ltr'><strong>cath.</strong></span> <span class='ocrx_word' id='word_1_6' title='bbox 1009 186 1056 225; x_wconf 89' lang='lat' dir='ltr'><strong>in</strong></span> <span class='ocrx_word' id='word_1_7' title='bbox 1089 182 1307 238; x_wconf 84' lang='lat' dir='ltr'><strong>Congreg.</strong></span> <span class='ocrx_word' id='word_1_8' title='bbox 1340 196 1490 237; x_wconf 88' lang='lat' dir='ltr'><strong>gener.</strong></span> <span class='ocrx_word' id='word_1_9' title='bbox 1525 185 1796 237; x_wconf 78' lang='lat' dir='ltr'><strong>proponitur</strong></span> <span class='ocrx_word' id='word_1_10' title='bbox 1828 188 1871 224; x_wconf 89' lang='lat' dir='ltr'><strong>et</strong></span> <span class='ocrx_word' id='word_1_11' title='bbox 1904 183 2166 225; x_wconf 78' lang='lat' dir='ltr'><strong>discutitur.</strong></span> <span class='ocrx_word' id='word_1_12' title='bbox 2257 180 2322 233; x_wconf 83' lang='lat'><strong>19</strong></span> 
     </span>
    </p>
   </div>
   <div class='ocr_carea' id='block_1_2' title="bbox 91 327 2324 1132">
    <p class='ocr_par' dir='ltr' id='par_1_2' title="bbox 91 327 2324 1132">
     <span class='ocr_line' id='line_1_2' title="bbox 92 327 2319 402; baseline -0.002 -18"><span class='ocrx_word' id='word_1_13' title='bbox 92 330 371 402; x_wconf 83' lang='lat' dir='ltr'><strong>deputatio</strong></span> <span class='ocrx_word' id='word_1_14' title='bbox 412 329 556 382; x_wconf 91' lang='lat' dir='ltr'><strong>illius</strong></span> <span class='ocrx_word' id='word_1_15' title='bbox 596 333 677 382; x_wconf 90' lang='lat' dir='ltr'><strong>est</strong></span> <span class='ocrx_word' id='word_1_16' title='bbox 713 328 943 395; x_wconf 75' lang='lat' dir='ltr'><strong>mentiS,</strong></span> <span class='ocrx_word' id='word_1_17' title='bbox 1004 327 1150 397; x_wconf 93' lang='lat' dir='ltr'><strong>quod</strong></span> <span class='ocrx_word' id='word_1_18' title='bbox 1198 328 1352 380; x_wconf 90' lang='lat' dir='ltr'><strong>stilus</strong></span> <span class='ocrx_word' id='word_1_19' title='bbox 1391 328 1479 380; x_wconf 92' lang='lat' dir='ltr'><strong>hic</strong></span> <span class='ocrx_word' id='word_1_20' title='bbox 1516 328 1805 397; x_wconf 88' lang='lat' dir='ltr'><strong>repurgari</strong></span> <span class='ocrx_word' id='word_1_21' title='bbox 1845 327 2022 380; x_wconf 88' lang='lat' dir='ltr'><strong>adhuc</strong></span> <span class='ocrx_word' id='word_1_22' title='bbox 2063 331 2118 379; x_wconf 89' lang='lat' dir='ltr'><strong>et</strong></span> <span class='ocrx_word' id='word_1_23' title='bbox 2155 327 2319 395; x_wconf 88' lang='lat' dir='ltr'><strong>longe</strong></span> 
     </span>
     <span class='ocr_line' id='line_1_3' title="bbox 91 410 2322 480; baseline -0.003 -13"><span class='ocrx_word' id='word_1_24' title='bbox 91 413 283 468; x_wconf 89' lang='lat' dir='ltr'><strong>melior</strong></span> <span class='ocrx_word' id='word_1_25' title='bbox 321 412 476 465; x_wconf 82' lang='lat' dir='ltr'><strong>reddi</strong></span> <span class='ocrx_word' id='word_1_26' title='bbox 515 429 623 464; x_wconf 89' lang='lat' dir='ltr'><strong>non</strong></span> <span class='ocrx_word' id='word_1_27' title='bbox 661 411 847 480; x_wconf 81' lang='lat' dir='ltr'><strong>possit,</strong></span> <span class='ocrx_word' id='word_1_28' title='bbox 889 428 1050 480; x_wconf 91' lang='lat' dir='ltr'><strong>quam</strong></span> <span class='ocrx_word' id='word_1_29' title='bbox 1079 428 1207 463; x_wconf 89' lang='lat' dir='ltr'><strong>vere</strong></span> <span class='ocrx_word' id='word_1_30' title='bbox 1248 411 1398 462; x_wconf 92' lang='lat' dir='ltr'><strong>hicce</strong></span> <span class='ocrx_word' id='word_1_31' title='bbox 1441 412 1691 463; x_wconf 91' lang='lat' dir='ltr'><strong>occurrit.</strong></span> <span class='ocrx_word' id='word_1_32' title='bbox 1752 410 2060 479; x_wconf 84' lang='lat' dir='ltr'><strong>Praecipua</strong></span> <span class='ocrx_word' id='word_1_33' title='bbox 2099 427 2184 462; x_wconf 91' lang='lat' dir='ltr'><strong>res</strong></span> <span class='ocrx_word' id='word_1_34' title='bbox 2225 414 2322 476; x_wconf 84' lang='lat' dir='ltr'><strong>est,</strong></span> 
     </span>
     <span class='ocr_line' id='line_1_4' title="bbox 92 493 2321 563; baseline -0.002 -14"><span class='ocrx_word' id='word_1_35' title='bbox 92 496 215 549; x_wconf 74' lang='lat' dir='ltr'><strong>Rffii</strong></span> <span class='ocrx_word' id='word_1_36' title='bbox 253 496 472 562; x_wconf 78' lang='lat' dir='ltr'><strong>PatreS,</strong></span> <span class='ocrx_word' id='word_1_37' title='bbox 512 499 571 547; x_wconf 90' lang='lat' dir='ltr'><strong>ut</strong></span> <span class='ocrx_word' id='word_1_38' title='bbox 608 494 912 563; x_wconf 74' lang='lat' dir='ltr'><strong>inquirere,</strong></span> <span class='ocrx_word' id='word_1_39' title='bbox 952 499 1013 547; x_wconf 93' lang='lat' dir='ltr'><strong>ut</strong></span> <span class='ocrx_word' id='word_1_40' title='bbox 1056 494 1348 563; x_wconf 87' lang='lat' dir='ltr'><strong>diligenter</strong></span> <span class='ocrx_word' id='word_1_41' title='bbox 1390 493 1660 546; x_wconf 89' lang='lat' dir='ltr'><strong>discutere</strong></span> <span class='ocrx_word' id='word_1_42' title='bbox 1700 494 1907 561; x_wconf 76' lang='lat' dir='ltr'><strong>velitiS,</strong></span> <span class='ocrx_word' id='word_1_43' title='bbox 1949 511 2018 546; x_wconf 89' lang='lat' dir='ltr'><strong>an</strong></span> <span class='ocrx_word' id='word_1_44' title='bbox 2059 493 2321 558; x_wconf 79' lang='lat' dir='ltr'><strong>doctrina,</strong></span> 
     </span>
     <span class='ocr_line' id='line_1_5' title="bbox 93 577 2321 650; baseline -0.002 -18"><span class='ocrx_word' id='word_1_45' title='bbox 93 597 232 650; x_wconf 93' lang='lat' dir='ltr'><strong>quae</strong></span> <span class='ocrx_word' id='word_1_46' title='bbox 271 580 328 631; x_wconf 90' lang='lat' dir='ltr'><strong>in</strong></span> <span class='ocrx_word' id='word_1_47' title='bbox 366 579 513 631; x_wconf 89' lang='lat' dir='ltr'><strong>hisce</strong></span> <span class='ocrx_word' id='word_1_48' title='bbox 552 583 782 647; x_wconf 90' lang='lat' dir='ltr'><strong>quatuor</strong></span> <span class='ocrx_word' id='word_1_49' title='bbox 823 578 1090 647; x_wconf 84' lang='lat' dir='ltr'><strong>capitibus</strong></span> <span class='ocrx_word' id='word_1_50' title='bbox 1131 578 1465 644; x_wconf 85' lang='lat' dir='ltr'><strong>continetur,</strong></span> <span class='ocrx_word' id='word_1_51' title='bbox 1520 578 1589 629; x_wconf 89' lang='lat' dir='ltr'><strong>sit</strong></span> <span class='ocrx_word' id='word_1_52' title='bbox 1625 595 1773 643; x_wconf 86' lang='lat' dir='ltr'><strong>vera,</strong></span> <span class='ocrx_word' id='word_1_53' title='bbox 1814 577 2070 646; x_wconf 91' lang='lat' dir='ltr'><strong>genuina,</strong></span> <span class='ocrx_word' id='word_1_54' title='bbox 2112 578 2321 629; x_wconf 87' lang='lat' dir='ltr'><strong>sincera</strong></span> 
     </span>
     <span class='ocr_line' id='line_1_6' title="bbox 92 661 2324 731; baseline -0.002 -15"><span class='ocrx_word' id='word_1_55' title='bbox 92 662 369 716; x_wconf 87' lang='lat' dir='ltr'><strong>Ecclesiae</strong></span> <span class='ocrx_word' id='word_1_56' title='bbox 409 662 705 714; x_wconf 88' lang='lat' dir='ltr'><strong>catholicae</strong></span> <span class='ocrx_word' id='word_1_57' title='bbox 748 661 1008 714; x_wconf 87' lang='lat' dir='ltr'><strong>doctrina.</strong></span> <span class='ocrx_word' id='word_1_58' title='bbox 1085 661 1448 731; x_wconf 90' lang='lat' dir='ltr'><strong>Posteaquam</strong></span> <span class='ocrx_word' id='word_1_59' title='bbox 1499 661 1556 712; x_wconf 92' lang='lat' dir='ltr'><strong>in</strong></span> <span class='ocrx_word' id='word_1_60' title='bbox 1595 661 1736 713; x_wconf 91' lang='lat' dir='ltr'><strong>hanc</strong></span> <span class='ocrx_word' id='word_1_61' title='bbox 1773 662 2060 714; x_wconf 86' lang='lat' dir='ltr'><strong>veritatem</strong></span> <span class='ocrx_word' id='word_1_62' title='bbox 2101 661 2324 730; x_wconf 90' lang='lat' dir='ltr'><strong>inquisi-</strong></span> 
     </span>
     <span class='ocr_line' id='line_1_7' title="bbox 94 744 2324 813; baseline -0.001 -15"><span class='ocrx_word' id='word_1_63' title='bbox 94 746 260 812; x_wconf 79' lang='lat' dir='ltr'><strong>vistiS,</strong></span> <span class='ocrx_word' id='word_1_64' title='bbox 302 749 515 797; x_wconf 91' lang='lat' dir='ltr'><strong>caetera</strong></span> <span class='ocrx_word' id='word_1_65' title='bbox 557 744 736 797; x_wconf 90' lang='lat' dir='ltr'><strong>omnia</strong></span> <span class='ocrx_word' id='word_1_66' title='bbox 775 748 900 796; x_wconf 91' lang='lat' dir='ltr'><strong>sunt</strong></span> <span class='ocrx_word' id='word_1_67' title='bbox 939 744 1324 809; x_wconf 90' lang='lat' dir='ltr'><strong>accidentalia,</strong></span> <span class='ocrx_word' id='word_1_68' title='bbox 1366 749 1579 796; x_wconf 90' lang='lat' dir='ltr'><strong>caetera</strong></span> <span class='ocrx_word' id='word_1_69' title='bbox 1619 744 1799 796; x_wconf 90' lang='lat' dir='ltr'><strong>omnia</strong></span> <span class='ocrx_word' id='word_1_70' title='bbox 1838 749 1963 796; x_wconf 90' lang='lat' dir='ltr'><strong>sunt</strong></span> <span class='ocrx_word' id='word_1_71' title='bbox 2003 745 2191 813; x_wconf 83' lang='lat' dir='ltr'><strong>exigui</strong></span> <span class='ocrx_word' id='word_1_72' title='bbox 2231 760 2324 795; x_wconf 91' lang='lat' dir='ltr'><strong>ne-</strong></span> 
     </span>
     <span class='ocr_line' id='line_1_8' title="bbox 96 826 2323 899; baseline -0.001 -17"><span class='ocrx_word' id='word_1_73' title='bbox 96 829 245 899; x_wconf 89' lang='lat' dir='ltr'><strong>gotii.</strong></span> <span class='ocrx_word' id='word_1_74' title='bbox 296 827 416 879; x_wconf 86' lang='lat' dir='ltr'><strong>Erit</strong></span> <span class='ocrx_word' id='word_1_75' title='bbox 457 828 632 893; x_wconf 90' lang='lat' dir='ltr'><strong>facile,</strong></span> <span class='ocrx_word' id='word_1_76' title='bbox 674 845 755 893; x_wconf 91' lang='lat' dir='ltr'><strong>ea,</strong></span> <span class='ocrx_word' id='word_1_77' title='bbox 798 845 936 896; x_wconf 92' lang='lat' dir='ltr'><strong>quae</strong></span> <span class='ocrx_word' id='word_1_78' title='bbox 965 827 1118 880; x_wconf 88' lang='lat' dir='ltr'><strong>vobis</strong></span> <span class='ocrx_word' id='word_1_79' title='bbox 1158 828 1273 879; x_wconf 88' lang='lat' dir='ltr'><strong>visa</strong></span> <span class='ocrx_word' id='word_1_80' title='bbox 1301 827 1522 892; x_wconf 89' lang='lat' dir='ltr'><strong>fuerint,</strong></span> <span class='ocrx_word' id='word_1_81' title='bbox 1561 828 1618 879; x_wconf 89' lang='lat' dir='ltr'><strong>in</strong></span> <span class='ocrx_word' id='word_1_82' title='bbox 1647 828 1812 880; x_wconf 90' lang='lat' dir='ltr'><strong>hocce</strong></span> <span class='ocrx_word' id='word_1_83' title='bbox 1841 828 2116 880; x_wconf 90' lang='lat' dir='ltr'><strong>schemate</strong></span> <span class='ocrx_word' id='word_1_84' title='bbox 2146 826 2323 879; x_wconf 91' lang='lat' dir='ltr'><strong>adhuc</strong></span> 
     </span>
     <span class='ocr_line' id='line_1_9' title="bbox 99 911 2322 981; baseline -0 -17"><span class='ocrx_word' id='word_1_85' title='bbox 99 911 410 964; x_wconf 89' lang='lat' dir='ltr'><strong>modificare</strong></span> <span class='ocrx_word' id='word_1_86' title='bbox 451 916 614 981; x_wconf 91' lang='lat' dir='ltr'><strong>atque</strong></span> <span class='ocrx_word' id='word_1_87' title='bbox 655 911 971 964; x_wconf 89' lang='lat' dir='ltr'><strong>reformare.</strong></span> <span class='ocrx_word' id='word_1_88' title='bbox 1038 911 1213 980; x_wconf 81' lang='lat' dir='ltr'><strong>Super</strong></span> <span class='ocrx_word' id='word_1_89' title='bbox 1252 912 1351 963; x_wconf 89' lang='lat' dir='ltr'><strong>hac</strong></span> <span class='ocrx_word' id='word_1_90' title='bbox 1389 928 1448 963; x_wconf 91' lang='lat' dir='ltr'><strong>re</strong></span> <span class='ocrx_word' id='word_1_91' title='bbox 1490 911 1832 978; x_wconf 86' lang='lat' dir='ltr'><strong>contendite,</strong></span> <span class='ocrx_word' id='word_1_92' title='bbox 1873 917 1932 963; x_wconf 95' lang='lat' dir='ltr'><strong>ut</strong></span> <span class='ocrx_word' id='word_1_93' title='bbox 1972 912 2322 975; x_wconf 78' lang='lat' dir='ltr'><strong>conveniatiS,</strong></span> 
     </span>
     <span class='ocr_line' id='line_1_10' title="bbox 95 994 2322 1066; baseline 0 -20"><span class='ocrx_word' id='word_1_94' title='bbox 95 999 276 1047; x_wconf 90' lang='lat' dir='ltr'><strong>utrum</strong></span> <span class='ocrx_word' id='word_1_95' title='bbox 324 994 586 1060; x_wconf 91' lang='lat' dir='ltr'><strong>doctrina,</strong></span> <span class='ocrx_word' id='word_1_96' title='bbox 629 1013 789 1063; x_wconf 89' lang='lat' dir='ltr'><strong>quam</strong></span> <span class='ocrx_word' id='word_1_97' title='bbox 830 995 916 1046; x_wconf 92' lang='lat' dir='ltr'><strong>hic</strong></span> <span class='ocrx_word' id='word_1_98' title='bbox 956 995 1011 1046; x_wconf 91' lang='lat' dir='ltr'><strong>in</strong></span> <span class='ocrx_word' id='word_1_99' title='bbox 1052 996 1153 1047; x_wconf 91' lang='lat' dir='ltr'><strong>isto</strong></span> <span class='ocrx_word' id='word_1_100' title='bbox 1194 995 1469 1048; x_wconf 90' lang='lat' dir='ltr'><strong>schemate</strong></span> <span class='ocrx_word' id='word_1_101' title='bbox 1511 995 1793 1066; x_wconf 89' lang='lat' dir='ltr'><strong>deputatio</strong></span> <span class='ocrx_word' id='word_1_102' title='bbox 1834 995 2104 1064; x_wconf 87' lang='lat' dir='ltr'><strong>proponit,</strong></span> <span class='ocrx_word' id='word_1_103' title='bbox 2143 1000 2322 1047; x_wconf 92' lang='lat' dir='ltr'><strong>utrum</strong></span> 
     </span>
     <span class='ocr_line' id='line_1_11' title="bbox 96 1077 1110 1132; baseline 0.002 -2"><span class='ocrx_word' id='word_1_104' title='bbox 96 1077 192 1130; x_wconf 92' lang='lat' dir='ltr'><strong>illa</strong></span> <span class='ocrx_word' id='word_1_105' title='bbox 232 1077 480 1130; x_wconf 91' lang='lat' dir='ltr'><strong>doctrina</strong></span> <span class='ocrx_word' id='word_1_106' title='bbox 518 1079 586 1131; x_wconf 89' lang='lat' dir='ltr'><strong>sit</strong></span> <span class='ocrx_word' id='word_1_107' title='bbox 624 1096 753 1130; x_wconf 85' lang='lat' dir='ltr'><strong>vere</strong></span> <span class='ocrx_word' id='word_1_108' title='bbox 794 1079 1110 1132; x_wconf 85' lang='lat' dir='ltr'><strong>catholica.“</strong></span> 
     </span>
    </p>
   </div>
   <div class='ocr_carea' id='block_1_3' title="bbox 96 1168 2326 3327">
    <p class='ocr_par' dir='ltr' id='par_1_3' title="bbox 96 1168 2325 1909">
     <span class='ocr_line' id='line_1_12' title="bbox 242 1168 2323 1238; baseline 0 -18"><span class='ocrx_word' id='word_1_109' title='bbox 242 1168 532 1221; x_wconf 85' lang='lat' dir='ltr'><strong>Relatione</strong></span> <span class='ocrx_word' id='word_1_110' title='bbox 571 1169 775 1235; x_wconf 91' lang='lat' dir='ltr'><strong>habita,</strong></span> <span class='ocrx_word' id='word_1_111' title='bbox 817 1187 982 1238; x_wconf 91' lang='lat' dir='ltr'><strong>quum</strong></span> <span class='ocrx_word' id='word_1_112' title='bbox 1023 1170 1130 1221; x_wconf 92' lang='lat' dir='ltr'><strong>iam</strong></span> <span class='ocrx_word' id='word_1_113' title='bbox 1170 1169 1430 1221; x_wconf 88' lang='lat' dir='ltr'><strong>discussio</strong></span> <span class='ocrx_word' id='word_1_114' title='bbox 1471 1169 1742 1238; x_wconf 89' lang='lat' dir='ltr'><strong>generalis</strong></span> <span class='ocrx_word' id='word_1_115' title='bbox 1784 1169 1851 1221; x_wconf 92' lang='lat' dir='ltr'><strong>de</strong></span> <span class='ocrx_word' id='word_1_116' title='bbox 1892 1173 2005 1221; x_wconf 89' lang='lat' dir='ltr'><strong>toto</strong></span> <span class='ocrx_word' id='word_1_117' title='bbox 2046 1168 2323 1220; x_wconf 90' lang='lat' dir='ltr'><strong>schemate</strong></span> 
     </span>
     <span class='ocr_line' id='line_1_13' title="bbox 96 1250 2322 1322; baseline 0 -20"><span class='ocrx_word' id='word_1_118' title='bbox 96 1250 406 1304; x_wconf 89' lang='lat' dir='ltr'><strong>inchoanda</strong></span> <span class='ocrx_word' id='word_1_119' title='bbox 455 1258 628 1319; x_wconf 88' lang='lat' dir='ltr'><strong>esset,</strong></span> <span class='ocrx_word' id='word_1_120' title='bbox 680 1253 886 1322; x_wconf 90' lang='lat' dir='ltr'><strong>primus</strong></span> <span class='ocrx_word' id='word_1_121' title='bbox 927 1253 1156 1305; x_wconf 88' lang='lat' dir='ltr'><strong>Praeses</strong></span> <span class='ocrx_word' id='word_1_122' title='bbox 1209 1252 1430 1318; x_wconf 90' lang='lat' dir='ltr'><strong>Patres,</strong></span> <span class='ocrx_word' id='word_1_123' title='bbox 1488 1253 1578 1321; x_wconf 92' lang='lat' dir='ltr'><strong>qui</strong></span> <span class='ocrx_word' id='word_1_124' title='bbox 1634 1253 1699 1305; x_wconf 92' lang='lat' dir='ltr'><strong>de</strong></span> <span class='ocrx_word' id='word_1_125' title='bbox 1753 1270 1816 1305; x_wconf 92' lang='lat' dir='ltr'><strong>eo</strong></span> <span class='ocrx_word' id='word_1_126' title='bbox 1874 1252 2071 1304; x_wconf 88' lang='lat' dir='ltr'><strong>dicturi</strong></span> <span class='ocrx_word' id='word_1_127' title='bbox 2126 1258 2322 1317; x_wconf 89' lang='lat' dir='ltr'><strong>essent,</strong></span> 
     </span>
     <span class='ocr_line' id='line_1_14' title="bbox 98 1335 2323 1404; baseline 0.001 -19"><span class='ocrx_word' id='word_1_128' title='bbox 98 1335 322 1401; x_wconf 89' lang='lat' dir='ltr'><strong>monuit,</strong></span> <span class='ocrx_word' id='word_1_129' title='bbox 363 1340 423 1386; x_wconf 94' lang='lat' dir='ltr'><strong>ut</strong></span> <span class='ocrx_word' id='word_1_130' title='bbox 466 1353 553 1401; x_wconf 90' lang='lat' dir='ltr'><strong>„se</strong></span> <span class='ocrx_word' id='word_1_131' title='bbox 594 1335 884 1387; x_wconf 87' lang='lat' dir='ltr'><strong>cohibeant</strong></span> <span class='ocrx_word' id='word_1_132' title='bbox 916 1336 1058 1387; x_wconf 90' lang='lat' dir='ltr'><strong>intra</strong></span> <span class='ocrx_word' id='word_1_133' title='bbox 1099 1353 1191 1387; x_wconf 89' lang='lat' dir='ltr'><strong>eos</strong></span> <span class='ocrx_word' id='word_1_134' title='bbox 1231 1335 1446 1401; x_wconf 85' lang='lat' dir='ltr'><strong>limites,</strong></span> <span class='ocrx_word' id='word_1_135' title='bbox 1490 1336 1581 1404; x_wconf 92' lang='lat' dir='ltr'><strong>qui</strong></span> <span class='ocrx_word' id='word_1_136' title='bbox 1622 1354 1719 1404; x_wconf 91' lang='lat' dir='ltr'><strong>per</strong></span> <span class='ocrx_word' id='word_1_137' title='bbox 1747 1336 2130 1387; x_wconf 85' lang='lat' dir='ltr'><strong>discussionem</strong></span> <span class='ocrx_word' id='word_1_138' title='bbox 2158 1353 2323 1404; x_wconf 89' lang='lat' dir='ltr'><strong>gene-</strong></span> 
     </span>
     <span class='ocr_line' id='line_1_15' title="bbox 98 1417 2325 1489; baseline 0 -21"><span class='ocrx_word' id='word_1_139' title='bbox 98 1417 269 1469; x_wconf 90' lang='lat' dir='ltr'><strong>ralem</strong></span> <span class='ocrx_word' id='word_1_140' title='bbox 308 1436 378 1470; x_wconf 85' lang='lat' dir='ltr'><strong>ex</strong></span> <span class='ocrx_word' id='word_1_141' title='bbox 417 1420 497 1471; x_wconf 90' lang='lat' dir='ltr'><strong>rei</strong></span> <span class='ocrx_word' id='word_1_142' title='bbox 548 1425 740 1471; x_wconf 85' lang='lat' dir='ltr'><strong>natura</strong></span> <span class='ocrx_word' id='word_1_143' title='bbox 790 1419 1094 1472; x_wconf 89' lang='lat' dir='ltr'><strong>oratoribus</strong></span> <span class='ocrx_word' id='word_1_144' title='bbox 1134 1419 1533 1489; x_wconf 88' lang='lat' dir='ltr'><strong>praefiguntur,</strong></span> <span class='ocrx_word' id='word_1_145' title='bbox 1590 1437 1658 1470; x_wconf 90' lang='lat' dir='ltr'><strong>ne</strong></span> <span class='ocrx_word' id='word_1_146' title='bbox 1712 1423 2012 1487; x_wconf 83' lang='lat' dir='ltr'><strong>evagentur</strong></span> <span class='ocrx_word' id='word_1_147' title='bbox 2052 1418 2120 1470; x_wconf 87' lang='lat' dir='ltr'><strong>ad</strong></span> <span class='ocrx_word' id='word_1_148' title='bbox 2160 1418 2325 1488; x_wconf 87' lang='lat' dir='ltr'><strong>parti-</strong></span> 
     </span>
     <span class='ocr_line' id='line_1_16' title="bbox 98 1502 2324 1573; baseline 0 -20"><span class='ocrx_word' id='word_1_149' title='bbox 98 1502 302 1555; x_wconf 88' lang='lat' dir='ltr'><strong>cularia</strong></span> <span class='ocrx_word' id='word_1_150' title='bbox 341 1504 452 1556; x_wconf 83' lang='lat' dir='ltr'><strong>sive</strong></span> <span class='ocrx_word' id='word_1_151' title='bbox 492 1505 547 1556; x_wconf 90' lang='lat' dir='ltr'><strong>in</strong></span> <span class='ocrx_word' id='word_1_152' title='bbox 586 1505 864 1573; x_wconf 90' lang='lat' dir='ltr'><strong>prooemio</strong></span> <span class='ocrx_word' id='word_1_153' title='bbox 906 1505 1017 1556; x_wconf 89' lang='lat' dir='ltr'><strong>sive</strong></span> <span class='ocrx_word' id='word_1_154' title='bbox 1058 1505 1112 1554; x_wconf 92' lang='lat' dir='ltr'><strong>in</strong></span> <span class='ocrx_word' id='word_1_155' title='bbox 1155 1504 1381 1573; x_wconf 90' lang='lat' dir='ltr'><strong>singulis</strong></span> <span class='ocrx_word' id='word_1_156' title='bbox 1423 1503 1689 1572; x_wconf 86' lang='lat' dir='ltr'><strong>capitibus</strong></span> <span class='ocrx_word' id='word_1_157' title='bbox 1730 1510 1823 1555; x_wconf 90' lang='lat' dir='ltr'><strong>aut</strong></span> <span class='ocrx_word' id='word_1_158' title='bbox 1863 1503 2158 1554; x_wconf 90' lang='lat' dir='ltr'><strong>canonibus</strong></span> <span class='ocrx_word' id='word_1_159' title='bbox 2199 1520 2324 1554; x_wconf 90' lang='lat' dir='ltr'><strong>con-</strong></span> 
     </span>
     <span class='ocr_line' id='line_1_17' title="bbox 98 1586 2322 1656; baseline -0 -19"><span class='ocrx_word' id='word_1_160' title='bbox 98 1590 266 1652; x_wconf 88' lang='lat' dir='ltr'><strong>tenta,</strong></span> <span class='ocrx_word' id='word_1_161' title='bbox 289 1586 355 1639; x_wconf 92' lang='lat' dir='ltr'><strong>de</strong></span> <span class='ocrx_word' id='word_1_162' title='bbox 380 1587 572 1656; x_wconf 90' lang='lat' dir='ltr'><strong>quibus</strong></span> <span class='ocrx_word' id='word_1_163' title='bbox 594 1593 784 1656; x_wconf 88' lang='lat' dir='ltr'><strong>postea</strong></span> <span class='ocrx_word' id='word_1_164' title='bbox 808 1587 956 1639; x_wconf 91' lang='lat' dir='ltr'><strong>locus</strong></span> <span class='ocrx_word' id='word_1_165' title='bbox 980 1588 1080 1639; x_wconf 90' lang='lat' dir='ltr'><strong>erit</strong></span> <span class='ocrx_word' id='word_1_166' title='bbox 1104 1587 1418 1652; x_wconf 89' lang='lat' dir='ltr'><strong>disserendi,</strong></span> <span class='ocrx_word' id='word_1_167' title='bbox 1444 1604 1607 1655; x_wconf 89' lang='lat' dir='ltr'><strong>quum</strong></span> <span class='ocrx_word' id='word_1_168' title='bbox 1631 1586 1932 1639; x_wconf 83' lang='lat' dir='ltr'><strong>successive</strong></span> <span class='ocrx_word' id='word_1_169' title='bbox 1956 1587 2021 1638; x_wconf 92' lang='lat' dir='ltr'><strong>de</strong></span> <span class='ocrx_word' id='word_1_170' title='bbox 2045 1586 2322 1655; x_wconf 89' lang='lat' dir='ltr'><strong>prooemio</strong></span> 
     </span>
     <span class='ocr_line' id='line_1_18' title="bbox 99 1669 2319 1740; baseline 0 -19"><span class='ocrx_word' id='word_1_171' title='bbox 99 1671 324 1722; x_wconf 89' lang='lat' dir='ltr'><strong>seorsim</strong></span> <span class='ocrx_word' id='word_1_172' title='bbox 363 1688 425 1723; x_wconf 90' lang='lat' dir='ltr'><strong>ac</strong></span> <span class='ocrx_word' id='word_1_173' title='bbox 466 1672 670 1740; x_wconf 91' lang='lat' dir='ltr'><strong>pariter</strong></span> <span class='ocrx_word' id='word_1_174' title='bbox 708 1672 930 1723; x_wconf 89' lang='lat' dir='ltr'><strong>seorsim</strong></span> <span class='ocrx_word' id='word_1_175' title='bbox 974 1671 1040 1724; x_wconf 89' lang='lat' dir='ltr'><strong>dc</strong></span> <span class='ocrx_word' id='word_1_176' title='bbox 1082 1672 1257 1740; x_wconf 88' lang='lat' dir='ltr'><strong>capite</strong></span> <span class='ocrx_word' id='word_1_177' title='bbox 1287 1671 1480 1740; x_wconf 85' lang='lat' dir='ltr'><strong>primO,</strong></span> <span class='ocrx_word' id='word_1_178' title='bbox 1522 1671 1746 1722; x_wconf 87' lang='lat' dir='ltr'><strong>seorsim</strong></span> <span class='ocrx_word' id='word_1_179' title='bbox 1777 1671 1842 1722; x_wconf 90' lang='lat' dir='ltr'><strong>de</strong></span> <span class='ocrx_word' id='word_1_180' title='bbox 1873 1671 2051 1739; x_wconf 87' lang='lat' dir='ltr'><strong>capite</strong></span> <span class='ocrx_word' id='word_1_181' title='bbox 2079 1669 2319 1722; x_wconf 86' lang='lat' dir='ltr'><strong>secundo</strong></span> 
     </span>
     <span class='ocr_line' id='line_1_19' title="bbox 101 1754 2324 1825; baseline -0.001 -19"><span class='ocrx_word' id='word_1_182' title='bbox 101 1759 155 1806; x_wconf 91' lang='lat' dir='ltr'><strong>et</strong></span> <span class='ocrx_word' id='word_1_183' title='bbox 193 1755 268 1806; x_wconf 91' lang='lat' dir='ltr'><strong>sic</strong></span> <span class='ocrx_word' id='word_1_184' title='bbox 309 1755 565 1825; x_wconf 89' lang='lat' dir='ltr'><strong>deinceps</strong></span> <span class='ocrx_word' id='word_1_185' title='bbox 615 1755 966 1808; x_wconf 87' lang='lat' dir='ltr'><strong>tractabitur“</strong></span> <span class='ocrx_word' id='word_1_186' title='bbox 997 1755 1029 1806; x_wconf 81' lang='lat'><strong>¹.</strong></span> <span class='ocrx_word' id='word_1_187' title='bbox 1107 1755 1324 1807; x_wconf 87' lang='lat' dir='ltr'><strong>Deinde</strong></span> <span class='ocrx_word' id='word_1_188' title='bbox 1382 1754 1638 1806; x_wconf 88' lang='lat' dir='ltr'><strong>discussio</strong></span> <span class='ocrx_word' id='word_1_189' title='bbox 1688 1755 1960 1823; x_wconf 87' lang='lat' dir='ltr'><strong>generalis</strong></span> <span class='ocrx_word' id='word_1_190' title='bbox 2013 1754 2229 1822; x_wconf 86' lang='lat' dir='ltr'><strong>incepta</strong></span> <span class='ocrx_word' id='word_1_191' title='bbox 2270 1760 2324 1806; x_wconf 89' lang='lat' dir='ltr'><strong>et</strong></span> 
     </span>
     <span class='ocr_line' id='line_1_20' title="bbox 99 1839 1605 1909; baseline 0 -19"><span class='ocrx_word' id='word_1_192' title='bbox 99 1840 348 1908; x_wconf 90' lang='lat' dir='ltr'><strong>sequenti</strong></span> <span class='ocrx_word' id='word_1_193' title='bbox 391 1839 831 1909; x_wconf 82' lang='lat' dir='ltr'><strong>Congregatione</strong></span> <span class='ocrx_word' id='word_1_194' title='bbox 873 1840 922 1893; x_wconf 88' lang='lat' dir='ltr'><strong>d.</strong></span> <span class='ocrx_word' id='word_1_195' title='bbox 969 1842 1053 1892; x_wconf 79' lang='lat'><strong>22.</strong></span> <span class='ocrx_word' id='word_1_196' title='bbox 1096 1839 1277 1892; x_wconf 87' lang='lat' dir='ltr'><strong>Martii</strong></span> <span class='ocrx_word' id='word_1_197' title='bbox 1318 1839 1469 1890; x_wconf 87' lang='lat' dir='ltr'><strong>finita</strong></span> <span class='ocrx_word' id='word_1_198' title='bbox 1510 1844 1605 1890; x_wconf 91' lang='lat' dir='ltr'><strong>est.</strong></span> 
     </span>
    </p>

    <p class='ocr_par' dir='ltr' id='par_1_4' title="bbox 100 1922 2326 2893">
     <span class='ocr_line' id='line_1_21' title="bbox 244 1922 2323 1993; baseline -0 -19"><span class='ocrx_word' id='word_1_199' title='bbox 244 1922 311 1974; x_wconf 89' lang='lat' dir='ltr'><strong>In</strong></span> <span class='ocrx_word' id='word_1_200' title='bbox 351 1923 541 1975; x_wconf 91' lang='lat' dir='ltr'><strong>eadem</strong></span> <span class='ocrx_word' id='word_1_201' title='bbox 569 1924 842 1976; x_wconf 90' lang='lat' dir='ltr'><strong>tricesima</strong></span> <span class='ocrx_word' id='word_1_202' title='bbox 870 1924 1046 1993; x_wconf 90' lang='lat' dir='ltr'><strong>prima</strong></span> <span class='ocrx_word' id='word_1_203' title='bbox 1074 1922 1514 1992; x_wconf 86' lang='lat' dir='ltr'><strong>Congregatione</strong></span> <span class='ocrx_word' id='word_1_204' title='bbox 1544 1923 1762 1992; x_wconf 93' lang='lat' dir='ltr'><strong>incepta</strong></span> <span class='ocrx_word' id='word_1_205' title='bbox 1802 1927 1883 1973; x_wconf 86' lang='lat' dir='ltr'><strong>est</strong></span> <span class='ocrx_word' id='word_1_206' title='bbox 1912 1922 2170 1974; x_wconf 88' lang='lat' dir='ltr'><strong>discussio</strong></span> <span class='ocrx_word' id='word_1_207' title='bbox 2200 1939 2323 1991; x_wconf 93' lang='lat' dir='ltr'><strong>pro-</strong></span> 
     </span>
     <span class='ocr_line' id='line_1_22' title="bbox 103 2006 2324 2076; baseline 0 -19"><span class='ocrx_word' id='word_1_208' title='bbox 103 2006 280 2073; x_wconf 91' lang='lat' dir='ltr'><strong>oemii,</strong></span> <span class='ocrx_word' id='word_1_209' title='bbox 322 2024 459 2075; x_wconf 89' lang='lat' dir='ltr'><strong>quae</strong></span> <span class='ocrx_word' id='word_1_210' title='bbox 499 2007 553 2058; x_wconf 90' lang='lat' dir='ltr'><strong>in</strong></span> <span class='ocrx_word' id='word_1_211' title='bbox 589 2007 934 2059; x_wconf 89' lang='lat' dir='ltr'><strong>antecedenti</strong></span> <span class='ocrx_word' id='word_1_212' title='bbox 965 2007 1403 2076; x_wconf 85' lang='lat' dir='ltr'><strong>Congregatione</strong></span> <span class='ocrx_word' id='word_1_213' title='bbox 1444 2006 1648 2057; x_wconf 88' lang='lat' dir='ltr'><strong>indicta</strong></span> <span class='ocrx_word' id='word_1_214' title='bbox 1676 2011 1808 2058; x_wconf 88' lang='lat' dir='ltr'><strong>erat.</strong></span> <span class='ocrx_word' id='word_1_215' title='bbox 1861 2009 2106 2064; x_wconf 78' lang='lat' dir='ltr'><strong>Quatuor</strong></span> <span class='ocrx_word' id='word_1_216' title='bbox 2132 2006 2324 2057; x_wconf 84' lang='lat' dir='ltr'><strong>Patres</strong></span> 
     </span>
     <span class='ocr_line' id='line_1_23' title="bbox 103 2088 2326 2160; baseline -0 -19"><span class='ocrx_word' id='word_1_217' title='bbox 103 2088 169 2141; x_wconf 88' lang='lat' dir='ltr'><strong>de</strong></span> <span class='ocrx_word' id='word_1_218' title='bbox 198 2091 474 2158; x_wconf 90' lang='lat' dir='ltr'><strong>prooemio</strong></span> <span class='ocrx_word' id='word_1_219' title='bbox 516 2090 886 2143; x_wconf 89' lang='lat' dir='ltr'><strong>disseruerunt</strong></span> <span class='ocrx_word' id='word_1_220' title='bbox 905 2089 941 2144; x_wconf 82' lang='lat'><strong>².</strong></span> <span class='ocrx_word' id='word_1_221' title='bbox 997 2091 1257 2160; x_wconf 84' lang='lat' dir='ltr'><strong>Sequenti</strong></span> <span class='ocrx_word' id='word_1_222' title='bbox 1295 2090 1399 2156; x_wconf 92' lang='lat' dir='ltr'><strong>die,</strong></span> <span class='ocrx_word' id='word_1_223' title='bbox 1441 2095 1731 2159; x_wconf 88' lang='lat' dir='ltr'><strong>antequam</strong></span> <span class='ocrx_word' id='word_1_224' title='bbox 1773 2090 2029 2141; x_wconf 89' lang='lat' dir='ltr'><strong>discussio</strong></span> <span class='ocrx_word' id='word_1_225' title='bbox 2071 2090 2326 2141; x_wconf 80' lang='lat' dir='ltr'><strong>inchoata</strong></span> 
     </span>
     <span class='ocr_line' id='line_1_24' title="bbox 102 2172 2323 2242; baseline 0 -19"><span class='ocrx_word' id='word_1_226' title='bbox 102 2177 209 2239; x_wconf 90' lang='lat' dir='ltr'><strong>est,</strong></span> <span class='ocrx_word' id='word_1_227' title='bbox 255 2173 460 2241; x_wconf 89' lang='lat' dir='ltr'><strong>primus</strong></span> <span class='ocrx_word' id='word_1_228' title='bbox 500 2174 727 2226; x_wconf 89' lang='lat' dir='ltr'><strong>Praeses</strong></span> <span class='ocrx_word' id='word_1_229' title='bbox 767 2174 822 2225; x_wconf 90' lang='lat' dir='ltr'><strong>in</strong></span> <span class='ocrx_word' id='word_1_230' title='bbox 860 2175 1176 2226; x_wconf 88' lang='lat' dir='ltr'><strong>memoriam</strong></span> <span class='ocrx_word' id='word_1_231' title='bbox 1217 2179 1449 2238; x_wconf 87' lang='lat' dir='ltr'><strong>revocat,</strong></span> <span class='ocrx_word' id='word_1_232' title='bbox 1492 2174 1635 2242; x_wconf 90' lang='lat' dir='ltr'><strong>quod</strong></span> <span class='ocrx_word' id='word_1_233' title='bbox 1676 2173 2019 2242; x_wconf 86' lang='lat' dir='ltr'><strong>paragrapho</strong></span> <span class='ocrx_word' id='word_1_234' title='bbox 2060 2173 2190 2224; x_wconf 90' lang='lat' dir='ltr'><strong>VII.</strong></span> <span class='ocrx_word' id='word_1_235' title='bbox 2232 2172 2323 2224; x_wconf 92' lang='lat' dir='ltr'><strong>de-</strong></span> 
     </span>
     <span class='ocr_line' id='line_1_25' title="bbox 102 2256 2324 2327; baseline 0 -20"><span class='ocrx_word' id='word_1_236' title='bbox 102 2256 234 2308; x_wconf 86' lang='lat' dir='ltr'><strong>creti</strong></span> <span class='ocrx_word' id='word_1_237' title='bbox 276 2258 360 2309; x_wconf 83' lang='lat'><strong>20.</strong></span> <span class='ocrx_word' id='word_1_238' title='bbox 401 2256 686 2309; x_wconf 85' lang='lat' dir='ltr'><strong>Februarii</strong></span> <span class='ocrx_word' id='word_1_239' title='bbox 727 2258 1117 2327; x_wconf 83' lang='lat' dir='ltr'><strong>praescriptum</strong></span> <span class='ocrx_word' id='word_1_240' title='bbox 1161 2263 1269 2322; x_wconf 90' lang='lat' dir='ltr'><strong>est,</strong></span> <span class='ocrx_word' id='word_1_241' title='bbox 1327 2263 1419 2322; x_wconf 86' lang='lat' dir='ltr'><strong>„ut</strong></span> <span class='ocrx_word' id='word_1_242' title='bbox 1458 2257 1513 2308; x_wconf 91' lang='lat' dir='ltr'><strong>in</strong></span> <span class='ocrx_word' id='word_1_243' title='bbox 1554 2257 1890 2325; x_wconf 87' lang='lat' dir='ltr'><strong>singularum</strong></span> <span class='ocrx_word' id='word_1_244' title='bbox 1943 2258 2175 2325; x_wconf 88' lang='lat' dir='ltr'><strong>partium</strong></span> <span class='ocrx_word' id='word_1_245' title='bbox 2219 2256 2324 2307; x_wconf 87' lang='lat' dir='ltr'><strong>dis-</strong></span> 
     </span>
     <span class='ocr_line' id='line_1_26' title="bbox 102 2340 2322 2412; baseline 0.002 -22"><span class='ocrx_word' id='word_1_246' title='bbox 102 2340 347 2392; x_wconf 87' lang='lat' dir='ltr'><strong>cussione</strong></span> <span class='ocrx_word' id='word_1_247' title='bbox 389 2358 603 2410; x_wconf 86' lang='lat' dir='ltr'><strong>semper</strong></span> <span class='ocrx_word' id='word_1_248' title='bbox 643 2341 709 2393; x_wconf 90' lang='lat' dir='ltr'><strong>ab</strong></span> <span class='ocrx_word' id='word_1_249' title='bbox 754 2342 1055 2394; x_wconf 86' lang='lat' dir='ltr'><strong>oratoribus</strong></span> <span class='ocrx_word' id='word_1_250' title='bbox 1105 2348 1441 2411; x_wconf 86' lang='lat' dir='ltr'><strong>proponatur</strong></span> <span class='ocrx_word' id='word_1_251' title='bbox 1494 2342 1725 2394; x_wconf 87' lang='lat' dir='ltr'><strong>formula</strong></span> <span class='ocrx_word' id='word_1_252' title='bbox 1766 2344 1993 2412; x_wconf 79' lang='lat' dir='ltr'><strong>expensi</strong></span> <span class='ocrx_word' id='word_1_253' title='bbox 2035 2344 2322 2395; x_wconf 87' lang='lat' dir='ltr'><strong>schematis</strong></span> 
     </span>
     <span class='ocr_line' id='line_1_27' title="bbox 101 2422 2322 2494; baseline 0.002 -21"><span class='ocrx_word' id='word_1_254' title='bbox 101 2422 326 2491; x_wconf 92' lang='lat' dir='ltr'><strong>periodo</strong></span> <span class='ocrx_word' id='word_1_255' title='bbox 366 2424 453 2476; x_wconf 89' lang='lat' dir='ltr'><strong>vel</strong></span> <span class='ocrx_word' id='word_1_256' title='bbox 493 2425 835 2494; x_wconf 84' lang='lat' dir='ltr'><strong>paragrapho</strong></span> <span class='ocrx_word' id='word_1_257' title='bbox 877 2424 1251 2476; x_wconf 87' lang='lat' dir='ltr'><strong>substituenda</strong></span> <span class='ocrx_word' id='word_1_258' title='bbox 1292 2443 1352 2476; x_wconf 90' lang='lat' dir='ltr'><strong>ac</strong></span> <span class='ocrx_word' id='word_1_259' title='bbox 1382 2426 1730 2477; x_wconf 86' lang='lat' dir='ltr'><strong>Praesidibus</strong></span> <span class='ocrx_word' id='word_1_260' title='bbox 1771 2432 1891 2494; x_wconf 89' lang='lat' dir='ltr'><strong>post</strong></span> <span class='ocrx_word' id='word_1_261' title='bbox 1931 2426 2174 2477; x_wconf 89' lang='lat' dir='ltr'><strong>habitum</strong></span> <span class='ocrx_word' id='word_1_262' title='bbox 2216 2444 2322 2477; x_wconf 89' lang='lat' dir='ltr'><strong>ser-</strong></span> 
     </span>
     <span class='ocr_line' id='line_1_28' title="bbox 102 2507 2324 2575; baseline 0.002 -19"><span class='ocrx_word' id='word_1_263' title='bbox 102 2522 316 2558; x_wconf 89' lang='lat' dir='ltr'><strong>monem</strong></span> <span class='ocrx_word' id='word_1_264' title='bbox 371 2507 736 2560; x_wconf 78' lang='lat' dir='ltr'><strong>exhibenda“.</strong></span> <span class='ocrx_word' id='word_1_265' title='bbox 813 2508 910 2573; x_wconf 89' lang='lat' dir='ltr'><strong>Id,</strong></span> <span class='ocrx_word' id='word_1_266' title='bbox 967 2508 1117 2560; x_wconf 92' lang='lat' dir='ltr'><strong>addit</strong></span> <span class='ocrx_word' id='word_1_267' title='bbox 1156 2510 1416 2575; x_wconf 79' lang='lat' dir='ltr'><strong>I&#39;raeseS,</strong></span> <span class='ocrx_word' id='word_1_268' title='bbox 1474 2527 1581 2561; x_wconf 92' lang='lat' dir='ltr'><strong>non</strong></span> <span class='ocrx_word' id='word_1_269' title='bbox 1639 2510 1703 2560; x_wconf 85' lang='lat' dir='ltr'><strong>ab</strong></span> <span class='ocrx_word' id='word_1_270' title='bbox 1754 2510 2002 2561; x_wconf 90' lang='lat' dir='ltr'><strong>omnibus</strong></span> <span class='ocrx_word' id='word_1_271' title='bbox 2044 2510 2131 2562; x_wconf 89' lang='lat' dir='ltr'><strong>die</strong></span> <span class='ocrx_word' id='word_1_272' title='bbox 2174 2515 2324 2562; x_wconf 88' lang='lat' dir='ltr'><strong>ante-</strong></span> 
     </span>
     <span class='ocr_line' id='line_1_29' title="bbox 100 2589 2322 2663; baseline 0.003 -23"><span class='ocrx_word' id='word_1_273' title='bbox 100 2589 313 2641; x_wconf 86' lang='lat' dir='ltr'><strong>cedenti</strong></span> <span class='ocrx_word' id='word_1_274' title='bbox 367 2596 672 2657; x_wconf 86' lang='lat' dir='ltr'><strong>servatum,</strong></span> <span class='ocrx_word' id='word_1_275' title='bbox 728 2592 821 2643; x_wconf 89' lang='lat' dir='ltr'><strong>sed</strong></span> <span class='ocrx_word' id='word_1_276' title='bbox 874 2593 1090 2644; x_wconf 90' lang='lat' dir='ltr'><strong>omnino</strong></span> <span class='ocrx_word' id='word_1_277' title='bbox 1147 2592 1472 2644; x_wconf 87' lang='lat' dir='ltr'><strong>servandum</strong></span> <span class='ocrx_word' id='word_1_278' title='bbox 1529 2611 1661 2644; x_wconf 89' lang='lat' dir='ltr'><strong>esse.</strong></span> <span class='ocrx_word' id='word_1_279' title='bbox 1751 2593 2047 2662; x_wconf 86' lang='lat' dir='ltr'><strong>Postquam</strong></span> <span class='ocrx_word' id='word_1_280' title='bbox 2112 2599 2322 2663; x_wconf 85' lang='lat' dir='ltr'><strong>septem</strong></span> 
     </span>
     <span class='ocr_line' id='line_1_30' title="bbox 103 2675 2322 2746; baseline 0.003 -24"><span class='ocrx_word' id='word_1_281' title='bbox 103 2677 341 2725; x_wconf 90' lang='lat' dir='ltr'><strong>oratores</strong></span> <span class='ocrx_word' id='word_1_282' title='bbox 383 2675 448 2726; x_wconf 92' lang='lat' dir='ltr'><strong>de</strong></span> <span class='ocrx_word' id='word_1_283' title='bbox 490 2676 767 2743; x_wconf 88' lang='lat' dir='ltr'><strong>prooemio</strong></span> <span class='ocrx_word' id='word_1_284' title='bbox 799 2676 1186 2741; x_wconf 87' lang='lat' dir='ltr'><strong>disseruerunt,</strong></span> <span class='ocrx_word' id='word_1_285' title='bbox 1229 2676 1487 2728; x_wconf 87' lang='lat' dir='ltr'><strong>discussio</strong></span> <span class='ocrx_word' id='word_1_286' title='bbox 1518 2677 1767 2746; x_wconf 86' lang='lat' dir='ltr'><strong>specialis</strong></span> <span class='ocrx_word' id='word_1_287' title='bbox 1796 2677 1947 2728; x_wconf 83' lang='lat' dir='ltr'><strong>finita</strong></span> <span class='ocrx_word' id='word_1_288' title='bbox 1975 2682 2071 2729; x_wconf 90' lang='lat' dir='ltr'><strong>est.</strong></span> <span class='ocrx_word' id='word_1_289' title='bbox 2122 2678 2322 2730; x_wconf 89' lang='lat' dir='ltr'><strong>Emen-</strong></span> 
     </span>
     <span class='ocr_line' id='line_1_31' title="bbox 102 2754 2321 2828; baseline 0.003 -22"><span class='ocrx_word' id='word_1_290' title='bbox 102 2754 345 2808; x_wconf 88' lang='lat' dir='ltr'><strong>dationes</strong></span> <span class='ocrx_word' id='word_1_291' title='bbox 395 2759 703 2826; x_wconf 82' lang='lat' dir='ltr'><strong>propositae</strong></span> <span class='ocrx_word' id='word_1_292' title='bbox 745 2760 887 2828; x_wconf 81' lang='lat' dir='ltr'><strong>typis</strong></span> <span class='ocrx_word' id='word_1_293' title='bbox 927 2760 1221 2826; x_wconf 86' lang='lat' dir='ltr'><strong>impressae</strong></span> <span class='ocrx_word' id='word_1_294' title='bbox 1275 2761 1417 2811; x_wconf 86' lang='lat' dir='ltr'><strong>inter</strong></span> <span class='ocrx_word' id='word_1_295' title='bbox 1457 2760 1650 2811; x_wconf 88' lang='lat' dir='ltr'><strong>Patres</strong></span> <span class='ocrx_word' id='word_1_296' title='bbox 1702 2759 1879 2812; x_wconf 78' lang='lat' dir='ltr'><strong>d.&#39;24.</strong></span> <span class='ocrx_word' id='word_1_297' title='bbox 1920 2761 2102 2813; x_wconf 87' lang='lat' dir='ltr'><strong>Martii</strong></span> <span class='ocrx_word' id='word_1_298' title='bbox 2145 2761 2321 2812; x_wconf 86' lang='lat' dir='ltr'><strong>distri-</strong></span> 
     </span>
     <span class='ocr_line' id='line_1_32' title="bbox 101 2837 467 2893; baseline 0.008 -3"><span class='ocrx_word' id='word_1_299' title='bbox 101 2837 408 2891; x_wconf 87' lang='lat' dir='ltr'><strong>buebantur</strong></span> <span class='ocrx_word' id='word_1_300' title='bbox 430 2840 467 2893; x_wconf 82' lang='lat'><strong>3.</strong></span> 
     </span>
    </p>

    <p class='ocr_par' dir='ltr' id='par_1_5' title="bbox 102 2923 2321 3327">
     <span class='ocr_line' id='line_1_33' title="bbox 245 2923 2320 2996; baseline 0.002 -21"><span class='ocrx_word' id='word_1_301' title='bbox 245 2923 348 2976; x_wconf 91' lang='lat' dir='ltr'><strong>Die</strong></span> <span class='ocrx_word' id='word_1_302' title='bbox 377 2926 623 2993; x_wconf 90' lang='lat' dir='ltr'><strong>sequenti</strong></span> <span class='ocrx_word' id='word_1_303' title='bbox 648 2925 702 2976; x_wconf 91' lang='lat' dir='ltr'><strong>in</strong></span> <span class='ocrx_word' id='word_1_304' title='bbox 731 2925 940 2977; x_wconf 91' lang='lat' dir='ltr'><strong>decima</strong></span> <span class='ocrx_word' id='word_1_305' title='bbox 967 2932 1122 2978; x_wconf 80' lang='lat' dir='ltr'><strong>sexta</strong></span> <span class='ocrx_word' id='word_1_306' title='bbox 1155 2927 1392 2978; x_wconf 89' lang='lat' dir='ltr'><strong>sessione</strong></span> <span class='ocrx_word' id='word_1_307' title='bbox 1423 2926 1790 2996; x_wconf 88' lang='lat' dir='ltr'><strong>deputationis</strong></span> <span class='ocrx_word' id='word_1_308' title='bbox 1828 2927 1893 2977; x_wconf 92' lang='lat' dir='ltr'><strong>de</strong></span> <span class='ocrx_word' id='word_1_309' title='bbox 1922 2927 2026 2978; x_wconf 84' lang='lat' dir='ltr'><strong>fide</strong></span> <span class='ocrx_word' id='word_1_310' title='bbox 2055 2928 2320 2996; x_wconf 86' lang='lat' dir='ltr'><strong>agebatur</strong></span> 
     </span>
     <span class='ocr_line' id='line_1_34' title="bbox 103 3004 2319 3078; baseline 0.003 -22"><span class='ocrx_word' id='word_1_311' title='bbox 103 3004 170 3057; x_wconf 94' lang='lat' dir='ltr'><strong>de</strong></span> <span class='ocrx_word' id='word_1_312' title='bbox 199 3005 432 3058; x_wconf 90' lang='lat' dir='ltr'><strong>Patrum-</strong></span> <span class='ocrx_word' id='word_1_313' title='bbox 453 3008 923 3061; x_wconf 89' lang='lat' dir='ltr'><strong>emendationibus</strong></span> <span class='ocrx_word' id='word_1_314' title='bbox 941 3009 979 3076; x_wconf 75' lang='lat'><strong>⁴,</strong></span> <span class='ocrx_word' id='word_1_315' title='bbox 1023 3015 1076 3061; x_wconf 91' lang='lat' dir='ltr'><strong>et</strong></span> <span class='ocrx_word' id='word_1_316' title='bbox 1115 3011 1169 3061; x_wconf 90' lang='lat' dir='ltr'><strong>in</strong></span> <span class='ocrx_word' id='word_1_317' title='bbox 1200 3009 1640 3078; x_wconf 82' lang='lat' dir='ltr'><strong>Congregatione</strong></span> <span class='ocrx_word' id='word_1_318' title='bbox 1669 3011 1913 3077; x_wconf 85' lang='lat' dir='ltr'><strong>generali</strong></span> <span class='ocrx_word' id='word_1_319' title='bbox 1947 3011 1995 3062; x_wconf 85' lang='lat' dir='ltr'><strong>d.</strong></span> <span class='ocrx_word' id='word_1_320' title='bbox 2023 3013 2107 3063; x_wconf 71' lang='lat'><strong>26.</strong></span> <span class='ocrx_word' id='word_1_321' title='bbox 2139 3012 2319 3063; x_wconf 86' lang='lat' dir='ltr'><strong>Martii</strong></span> 
     </span>
     <span class='ocr_line' id='line_1_35' title="bbox 102 3089 2321 3163; baseline 0.004 -24"><span class='ocrx_word' id='word_1_322' title='bbox 102 3089 319 3141; x_wconf 90' lang='lat' dir='ltr'><strong>nomine</strong></span> <span class='ocrx_word' id='word_1_323' title='bbox 371 3091 736 3159; x_wconf 86' lang='lat' dir='ltr'><strong>deputationis</strong></span> <span class='ocrx_word' id='word_1_324' title='bbox 788 3092 852 3144; x_wconf 91' lang='lat' dir='ltr'><strong>de</strong></span> <span class='ocrx_word' id='word_1_325' title='bbox 895 3093 1085 3144; x_wconf 88' lang='lat' dir='ltr'><strong>iisdem</strong></span> <span class='ocrx_word' id='word_1_326' title='bbox 1139 3094 1459 3145; x_wconf 88' lang='lat' dir='ltr'><strong>relationem</strong></span> <span class='ocrx_word' id='word_1_327' title='bbox 1513 3094 1701 3145; x_wconf 86' lang='lat' dir='ltr'><strong>habuit</strong></span> <span class='ocrx_word' id='word_1_328' title='bbox 1740 3093 2199 3163; x_wconf 86' lang='lat' dir='ltr'><strong>Archiepiscopus</strong></span> <span class='ocrx_word' id='word_1_329' title='bbox 2241 3096 2321 3148; x_wconf 80' lang='lat' dir='ltr'><strong>Si-</strong></span> 
     </span>
     <span class='ocr_line' id='line_1_36' title="bbox 104 3173 2319 3245; baseline 0.003 -22"><span class='ocrx_word' id='word_1_330' title='bbox 104 3173 273 3225; x_wconf 81' lang='lat' dir='ltr'><strong>mor5.</strong></span> <span class='ocrx_word' id='word_1_331' title='bbox 355 3175 545 3243; x_wconf 89' lang='lat' dir='ltr'><strong>„Ipsae</strong></span> <span class='ocrx_word' id='word_1_332' title='bbox 584 3176 1036 3242; x_wconf 83' lang='lat' dir='ltr'><strong>enuntiationes“,</strong></span> <span class='ocrx_word' id='word_1_333' title='bbox 1093 3177 1298 3245; x_wconf 89' lang='lat' dir='ltr'><strong>inquit,</strong></span> <span class='ocrx_word' id='word_1_334' title='bbox 1361 3177 1714 3242; x_wconf 87' lang='lat' dir='ltr'><strong>„ostendunt,</strong></span> <span class='ocrx_word' id='word_1_335' title='bbox 1772 3177 2031 3245; x_wconf 86' lang='lat' dir='ltr'><strong>plurimas</strong></span> <span class='ocrx_word' id='word_1_336' title='bbox 2085 3179 2319 3244; x_wconf 83' lang='lat' dir='ltr'><strong>illarum,</strong></span> 
     </span>
     <span class='ocr_line' id='line_1_37' title="bbox 103 3255 2320 3327; baseline 0.004 -22"><span class='ocrx_word' id='word_1_337' title='bbox 103 3255 361 3307; x_wconf 89' lang='lat' dir='ltr'><strong>maiorem</strong></span> <span class='ocrx_word' id='word_1_338' title='bbox 401 3275 595 3327; x_wconf 91' lang='lat' dir='ltr'><strong>nempe</strong></span> <span class='ocrx_word' id='word_1_339' title='bbox 636 3264 874 3327; x_wconf 87' lang='lat' dir='ltr'><strong>partem,</strong></span> <span class='ocrx_word' id='word_1_340' title='bbox 928 3259 996 3310; x_wconf 93' lang='lat' dir='ltr'><strong>ad</strong></span> <span class='ocrx_word' id='word_1_341' title='bbox 1047 3260 1228 3310; x_wconf 88' lang='lat' dir='ltr'><strong>stilum</strong></span> <span class='ocrx_word' id='word_1_342' title='bbox 1269 3260 1489 3326; x_wconf 86' lang='lat' dir='ltr'><strong>referri,</strong></span> <span class='ocrx_word' id='word_1_343' title='bbox 1542 3261 1805 3311; x_wconf 87' lang='lat' dir='ltr'><strong>minorem</strong></span> <span class='ocrx_word' id='word_1_344' title='bbox 1857 3260 1925 3311; x_wconf 87' lang='lat' dir='ltr'><strong>ad</strong></span> <span class='ocrx_word' id='word_1_345' title='bbox 1964 3261 2320 3315; x_wconf 85' lang='lat' dir='ltr'><strong>accidentalia</strong></span> 
     </span>
    </p>
   </div>
   <div class='ocr_carea' id='block_1_4' title="bbox 177 3382 308 3386">
    <p class='ocr_par' dir='ltr' id='par_1_6' title="bbox 177 3382 308 3386">
     <span class='ocr_line' id='line_1_38' title="bbox 177 3382 308 3386; baseline 0 0"><span class='ocrx_word' id='word_1_346' title='bbox 177 3382 308 3386; x_wconf 95' lang='lat' dir='ltr'><strong> </strong></span> 
     </span>
    </p>
   </div>
   <div class='ocr_carea' id='block_1_5' title="bbox 248 3452 2317 3596">
    <p class='ocr_par' dir='ltr' id='par_1_7' title="bbox 248 3452 2317 3596">
     <span class='ocr_line' id='line_1_39' title="bbox 249 3452 1430 3518; baseline 0.003 -18"><span class='ocrx_word' id='word_1_347' title='bbox 249 3452 263 3478; x_wconf 82' lang='lat'><strong>¹</strong></span> <span class='ocrx_word' id='word_1_348' title='bbox 300 3454 432 3501; x_wconf 92' lang='lat' dir='ltr'><strong>Acta</strong></span> <span class='ocrx_word' id='word_1_349' title='bbox 467 3454 714 3517; x_wconf 81' lang='lat' dir='ltr'><strong>Congreg.</strong></span> <span class='ocrx_word' id='word_1_350' title='bbox 751 3471 922 3517; x_wconf 87' lang='lat' dir='ltr'><strong>gener.</strong></span> <span class='ocrx_word' id='word_1_351' title='bbox 993 3455 1046 3503; x_wconf 78' lang='lat' dir='ltr'><strong>O.</strong></span> <span class='ocrx_word' id='word_1_352' title='bbox 1084 3456 1144 3503; x_wconf 91' lang='lat' dir='ltr'><strong>V.</strong></span> <span class='ocrx_word' id='word_1_353' title='bbox 1184 3457 1321 3503; x_wconf 76' lang='lat' dir='ltr'><strong>730d</strong></span> <span class='ocrx_word' id='word_1_354' title='bbox 1358 3473 1430 3518; x_wconf 89' lang='lat' dir='ltr'><strong>sq.</strong></span> 
     </span>
     <span class='ocr_line' id='line_1_40' title="bbox 248 3527 2317 3596; baseline 0.004 -21"><span class='ocrx_word' id='word_1_355' title='bbox 248 3527 264 3554; x_wconf 81' lang='lat'>2</span> <span class='ocrx_word' id='word_1_356' title='bbox 299 3529 465 3590; x_wconf 83' lang='lat' dir='ltr'><strong>Episc.</strong></span> <span class='ocrx_word' id='word_1_357' title='bbox 503 3532 846 3593; x_wconf 81' lang='lat' dir='ltr'><strong>Strossmayer</strong></span> <span class='ocrx_word' id='word_1_358' title='bbox 883 3549 1013 3579; x_wconf 90' lang='lat' dir='ltr'><strong>unus</strong></span> <span class='ocrx_word' id='word_1_359' title='bbox 1051 3537 1127 3580; x_wconf 86' lang='lat' dir='ltr'><strong>est</strong></span> <span class='ocrx_word' id='word_1_360' title='bbox 1164 3549 1226 3580; x_wconf 82' lang='lat' dir='ltr'><strong>ex</strong></span> <span class='ocrx_word' id='word_1_361' title='bbox 1262 3538 1482 3595; x_wconf 88' lang='lat' dir='ltr'><strong>quatuor</strong></span> <span class='ocrx_word' id='word_1_362' title='bbox 1519 3534 1615 3580; x_wconf 90' lang='lat' dir='ltr'><strong>illis</strong></span> <span class='ocrx_word' id='word_1_363' title='bbox 1652 3535 1918 3596; x_wconf 72' lang='lat' dir='ltr'><strong>Patribus,</strong></span> <span class='ocrx_word' id='word_1_364' title='bbox 1970 3540 2165 3596; x_wconf 89' lang='lat' dir='ltr'><strong>partem</strong></span> <span class='ocrx_word' id='word_1_365' title='bbox 2206 3552 2317 3584; x_wconf 89' lang='lat' dir='ltr'><strong>ora-</strong></span> 
     </span>
    </p>
   </div>
   <div class='ocr_carea' id='block_1_6' title="bbox 103 3604 2317 3744">
    <p class='ocr_par' dir='ltr' id='par_1_8' title="bbox 103 3604 2317 3744">
     <span class='ocr_line' id='line_1_41' title="bbox 103 3604 2317 3725; baseline 0.005 -75"><span class='ocrx_word' id='word_1_366' title='bbox 103 3604 253 3725; x_wconf 57' lang='lat' dir='ltr'><strong>tigpis</strong></span> <span class='ocrx_word' id='word_1_367' title='bbox 281 3606 386 3652; x_wconf 91' lang='lat' dir='ltr'><strong>eius</strong></span> <span class='ocrx_word' id='word_1_368' title='bbox 412 3606 562 3654; x_wconf 87' lang='lat' dir='ltr'><strong>affert</strong></span> <span class='ocrx_word' id='word_1_369' title='bbox 587 3608 738 3655; x_wconf 74' lang='lat' dir='ltr'><strong>Acton</strong></span> <span class='ocrx_word' id='word_1_370' title='bbox 765 3608 885 3667; x_wconf 91' lang='lat' dir='ltr'><strong>(Zur</strong></span> <span class='ocrx_word' id='word_1_371' title='bbox 912 3609 1213 3657; x_wconf 83' lang='lat' dir='ltr'><strong>Geschichte</strong></span> <span class='ocrx_word' id='word_1_372' title='bbox 1249 3611 1335 3657; x_wconf 88' lang='lat' dir='ltr'><strong>des</strong></span> <span class='ocrx_word' id='word_1_373' title='bbox 1362 3610 1753 3658; x_wconf 81' lang='lat' dir='ltr'><strong>Vaticanischen</strong></span> <span class='ocrx_word' id='word_1_374' title='bbox 1780 3611 2027 3669; x_wconf 80' lang='lat' dir='ltr'><strong>Conciles,</strong></span> <span class='ocrx_word' id='word_1_375' title='bbox 2066 3613 2317 3661; x_wconf 75' lang='lat' dir='ltr'><strong>Miinchen</strong></span> 
     </span>
     <span class='ocr_line' id='line_1_42' title="bbox 108 3681 607 3744; baseline 0.012 -20"><span class='ocrx_word' id='word_1_376' title='bbox 108 3681 127 3724; x_wconf 92' lang='lat'>1</span> <span class='ocrx_word' id='word_1_377' title='bbox 205 3682 245 3740; x_wconf 86' lang='lat'><strong>1,</strong></span> <span class='ocrx_word' id='word_1_378' title='bbox 282 3696 328 3742; x_wconf 93' lang='lat' dir='ltr'><strong>p.</strong></span> <span class='ocrx_word' id='word_1_379' title='bbox 364 3683 424 3728; x_wconf 79' lang='lat'><strong>87</strong></span> <span class='ocrx_word' id='word_1_380' title='bbox 461 3681 607 3744; x_wconf 74' lang='lat' dir='ltr'><strong>sqq).</strong></span> 
     </span>
    </p>
   </div>
   <div class='ocr_carea' id='block_1_7' title="bbox 220 3756 2317 3883">
    <p class='ocr_par' dir='ltr' id='par_1_9' title="bbox 220 3756 2317 3883">
     <span class='ocr_line' id='line_1_43' title="bbox 220 3756 2317 3827; baseline 0.005 -25"><span class='ocrx_word' id='word_1_381' title='bbox 220 3756 265 3826; x_wconf 29' lang='grc'><strong>,3</strong></span> <span class='ocrx_word' id='word_1_382' title='bbox 304 3756 435 3804; x_wconf 91' lang='lat' dir='ltr'><strong>Acta</strong></span> <span class='ocrx_word' id='word_1_383' title='bbox 472 3762 565 3805; x_wconf 86' lang='lat' dir='ltr'><strong>etc.</strong></span> <span class='ocrx_word' id='word_1_384' title='bbox 615 3758 669 3806; x_wconf 81' lang='lat' dir='ltr'><strong>O.</strong></span> <span class='ocrx_word' id='word_1_385' title='bbox 705 3759 766 3805; x_wconf 88' lang='lat' dir='ltr'><strong>V.</strong></span> <span class='ocrx_word' id='word_1_386' title='bbox 796 3762 927 3807; x_wconf 80' lang='lat'>7320</span> <span class='ocrx_word' id='word_1_387' title='bbox 954 3776 1026 3821; x_wconf 90' lang='lat' dir='ltr'><strong>sq.</strong></span> <span class='ocrx_word' id='word_1_388' title='bbox 1065 3762 1218 3808; x_wconf 76' lang='lat' dir='ltr'><strong>733b.</strong></span> <span class='ocrx_word' id='word_1_389' title='bbox 1265 3762 1658 3810; x_wconf 84' lang='lat' dir='ltr'><strong>Emendationes</strong></span> <span class='ocrx_word' id='word_1_390' title='bbox 1695 3764 1849 3811; x_wconf 84' lang='lat' dir='ltr'><strong>habos</strong></span> <span class='ocrx_word' id='word_1_391' title='bbox 1888 3762 1941 3810; x_wconf 78' lang='lat' dir='ltr'><strong>C.</strong></span> <span class='ocrx_word' id='word_1_392' title='bbox 1979 3764 2038 3810; x_wconf 86' lang='lat' dir='ltr'><strong>V.</strong></span> <span class='ocrx_word' id='word_1_393' title='bbox 2078 3767 2181 3813; x_wconf 69' lang='lat'><strong>881&gt;</strong></span> <span class='ocrx_word' id='word_1_394' title='bbox 2210 3782 2317 3827; x_wconf 86' lang='lat' dir='ltr'><strong>sqq.</strong></span> 
     </span>
     <span class='ocr_line' id='line_1_44' title="bbox 250 3831 1101 3883; baseline 0.005 -5"><span class='ocrx_word' id='word_1_395' title='bbox 250 3831 270 3858; x_wconf 72' lang='lat'><strong>4</strong></span> <span class='ocrx_word' id='word_1_396' title='bbox 304 3833 382 3879; x_wconf 85' lang='lat' dir='ltr'><strong>Ex</strong></span> <span class='ocrx_word' id='word_1_397' title='bbox 418 3834 543 3880; x_wconf 87' lang='lat' dir='ltr'><strong>actis</strong></span> <span class='ocrx_word' id='word_1_398' title='bbox 581 3838 673 3881; x_wconf 90' lang='lat' dir='ltr'><strong>etc.</strong></span> <span class='ocrx_word' id='word_1_399' title='bbox 727 3835 780 3883; x_wconf 82' lang='lat' dir='ltr'><strong>O.</strong></span> <span class='ocrx_word' id='word_1_400' title='bbox 816 3836 877 3883; x_wconf 81' lang='lat' dir='ltr'><strong>V.</strong></span> <span class='ocrx_word' id='word_1_401' title='bbox 919 3838 1041 3883; x_wconf 81' lang='lat'>1670</span> <span class='ocrx_word' id='word_1_402' title='bbox 1057 3853 1101 3883; x_wconf 88' lang='lat' dir='ltr'><strong>a.</strong></span> 
     </span>
    </p>
   </div>
   <div class='ocr_carea' id='block_1_8' title="bbox 253 3906 2019 4034">
    <p class='ocr_par' dir='ltr' id='par_1_10' title="bbox 253 3906 2019 4034">
     <span class='ocr_line' id='line_1_45' title="bbox 253 3906 2019 3978; baseline 0.005 -24"><span class='ocrx_word' id='word_1_403' title='bbox 253 3906 269 3933; x_wconf 86' lang='lat'>⁵</span> <span class='ocrx_word' id='word_1_404' title='bbox 306 3909 435 3955; x_wconf 87' lang='lat' dir='ltr'><strong>Acta</strong></span> <span class='ocrx_word' id='word_1_405' title='bbox 472 3913 564 3956; x_wconf 86' lang='lat' dir='ltr'><strong>etc.</strong></span> <span class='ocrx_word' id='word_1_406' title='bbox 625 3909 678 3956; x_wconf 82' lang='lat' dir='ltr'><strong>O.</strong></span> <span class='ocrx_word' id='word_1_407' title='bbox 715 3910 776 3958; x_wconf 89' lang='lat' dir='ltr'><strong>V.</strong></span> <span class='ocrx_word' id='word_1_408' title='bbox 815 3913 963 3959; x_wconf 68' lang='lat'><strong>7342.</strong></span> <span class='ocrx_word' id='word_1_409' title='bbox 1033 3912 1349 3960; x_wconf 87' lang='lat' dir='ltr'><strong>Relationem</strong></span> <span class='ocrx_word' id='word_1_410' title='bbox 1387 3915 1542 3962; x_wconf 88' lang='lat' dir='ltr'><strong>habes</strong></span> <span class='ocrx_word' id='word_1_411' title='bbox 1579 3914 1632 3962; x_wconf 82' lang='lat' dir='ltr'><strong>C.</strong></span> <span class='ocrx_word' id='word_1_412' title='bbox 1671 3914 1730 3960; x_wconf 88' lang='lat' dir='ltr'><strong>V.</strong></span> <span class='ocrx_word' id='word_1_413' title='bbox 1769 3917 1874 3963; x_wconf 67' lang='lat'><strong>911)</strong></span> <span class='ocrx_word' id='word_1_414' title='bbox 1913 3932 2019 3978; x_wconf 87' lang='lat' dir='ltr'><strong>sqq.</strong></span> 
     </span>
     <span class='ocr_line' id='line_1_46' title="bbox 1905 3995 1969 4034; baseline 0 -17"><span class='ocrx_word' id='word_1_415' title='bbox 1905 3995 1969 4034; x_wconf 75' lang='lat'><strong>2*</strong></span> 
     </span>
    </p>
   </div>
  </div>
 </body>
</html>
