2548 4290
692 138 803 178 Eius
836 150 932 190 cap.
964 138 1045 178 ΙΙΙ.
1101 139 1168 179 De
1200 139 1424 180 Primatus
1456 142 1503 180 vi
1534 152 1586 180 ac
1616 144 1801 182 ratione.
2237 144 2339 194 227

140 279 518 349 Apostolicae,
576 281 724 332 cuius
763 282 1084 333 auctoritate
1124 283 1294 334 maior
1334 300 1442 335 non
1482 289 1577 348 est,
1617 283 1874 336 iudicium
1914 303 1946 337 a
1983 286 2197 337 nemine
2226 285 2340 337 fore

139 362 557 428 retractandum,
598 380 774 431 neque
816 364 1066 432 cuiquam
1108 364 1173 416 de
1215 365 1329 416 eius
1368 366 1533 417 licere
1561 365 1800 418 iudicare
1829 367 2028 419 iudicio
2048 368 2111 433 a),
2165 367 2344 427 Quare

136 463 170 496 a
208 451 355 497 recto
395 446 635 497 veritatis
675 447 890 498 tramite
930 447 1199 514 aberrant,
1241 450 1331 517 qui
1372 448 1657 515 affirmant,
1697 450 1860 503 licere
1891 451 1957 503 ab
1986 451 2197 502 iudiciis
2238 450 2344 503 Ro-

141 546 421 581 manorum
449 529 772 581 Pontificum
813 530 880 581 ad
922 532 1326 583 oecumenicum
1354 532 1655 584 Concilium
1694 538 1969 603 tamquam
2010 534 2077 585 ad
2116 534 2345 586 auctori-

138 616 304 663 tatem
344 612 591 663 Romano
631 612 892 665 Pontifice
933 614 1266 681 superiorem
1306 615 1583 684 appellare
1614 616 1644 667 ³.

285 779 332 835 a)
370 780 460 840 Ep.
486 780 680 826 Nicolai
708 780 748 827 I.
786 780 849 827 ad
873 780 1166 828 Michaelem
1195 782 1577 841 Imperatorem.
1629 780 1815 842 [Migne
1840 780 1894 828 P.
1922 782 1977 828 L.
2004 781 2188 840 CXIX,
2216 779 2345 840 954]

136 902 310 962 gorius
346 901 409 947 X.
447 903 651 961 statuit,
701 918 754 949 se
789 903 927 949 nullo
965 904 1111 949 modo
1149 919 1440 964 passurum,
1490 909 1546 951 ut
1581 905 1631 951 in
1669 905 2083 966 disceptationem
2121 907 2349 952 venirent

140 977 422 1025 sententiae
466 977 581 1024 fidei
616 980 678 1026 ab
717 978 944 1026 Ecclesia
979 979 1206 1026 Romana
1251 981 1500 1027 admissae
1548 985 1597 1028 et
1643 980 1898 1028 Primatus
1933 982 2145 1029 Romani
2180 981 2351 1028 Ponti-

137 1053 272 1114 ficis3
323 1058 371 1100 et
417 1055 627 1115 proinde
664 1055 885 1102 Graecos
930 1055 1113 1103 debere
1149 1057 1512 1116 professionem
1547 1056 1663 1103 fidei
1700 1057 1953 1118 emittere,
2003 1073 2131 1119 quae
2167 1058 2231 1104 ad
2268 1072 2351 1104 eos

142 1131 294 1176 missa
331 1129 499 1177 fuerat
534 1147 562 1177 a
598 1131 859 1178 Clemente
895 1132 985 1178 IV.
1024 1131 1341 1193 Congregato
1381 1132 1605 1180 Concilio
1641 1133 1878 1195 Lugduni
1913 1133 1965 1180 in
2002 1134 2224 1180 sessione
2261 1133 2351 1180 IV.

141 1208 306 1254 adfuit
352 1208 552 1255 nomine
589 1208 915 1269 Imperatoris
951 1209 1237 1269 Logotheta
1284 1210 1587 1270 Gregorius,
1642 1211 1727 1271 qui
1773 1210 2136 1271 professionem
2189 1210 2353 1257 emisit

143 1284 504 1345 praescriptam
543 1299 571 1329 a
608 1283 853 1345 Gregorio
891 1284 1053 1346 Papa,
1092 1286 1189 1331 iam
1226 1286 1473 1346 signatam
1512 1301 1601 1331 sua
1636 1301 1788 1332 manu
1825 1288 1887 1334 ab
1925 1285 2264 1346 Imperatore,
2304 1288 2353 1331 et

142 1361 427 1407 iuramento
465 1360 793 1407 confirmavit.
862 1362 1153 1408 Adfuerunt
1190 1366 1632 1422 repraesentantes
1669 1362 1944 1423 Episeopos
1980 1376 2217 1422 graecOS,
2271 1362 2355 1422 qui

145 1440 195 1483 et
230 1437 325 1498 ipsi
359 1437 641 1483 iuramento
677 1436 1102 1484 confirmaverunt
1127 1438 1487 1499 professionem
1526 1437 1656 1497 fidei,
1693 1442 1844 1498 prout
1882 1437 2143 1496 (notentur
2178 1436 2353 1494 verba)

135 1512 276 1573 plene
301 1518 365 1558 est
396 1512 530 1571 lecta,
566 1512 828 1558 declarans
855 1513 1220 1573 unusquisque,
1259 1528 1311 1559 se
1337 1513 1525 1560 habere
1553 1515 1613 1560 ab
1640 1513 1901 1574 Episcopis
1940 1512 2195 1559 sufficiens
2221 1527 2357 1558 man-

148 1587 347 1647 datum,
396 1591 445 1634 et
491 1588 615 1634 haec
666 1592 809 1634 erant
856 1588 1136 1634 conformia
1184 1589 1343 1635 literis
1381 1590 1441 1635 ab
1480 1589 1742 1650 Episcopis
1778 1589 1973 1649 graecis
2011 1589 2174 1635 missis
2223 1591 2271 1635 et
2306 1588 2356 1633 in

147 1663 373 1711 Concilio
411 1664 571 1711 lectis.

297 1739 709 1800 „Observandum
750 1744 872 1799 erat,
910 1741 1033 1787 haec
1065 1741 1125 1786 ad
1164 1741 1399 1787 amussim
1439 1740 1709 1786 convenire
1746 1755 1855 1786 cum
1895 1740 1970 1800 iis,
2009 1755 2137 1801 quae
2173 1740 2223 1785 in
2260 1754 2359 1786 ses-

146 1816 287 1863 sione
339 1815 548 1862 solemni
599 1820 994 1875 praecesserant.
1063 1816 1192 1862 Nam
1246 1832 1396 1876 quum
1449 1816 1750 1876 Lugdunum
1803 1822 2144 1875 pervenerunt
2194 1815 2359 1862 nuntii

147 1892 476 1951 Graecorum,
515 1891 791 1951 Gregorius
816 1892 880 1939 X.
919 1892 1259 1938 circumdatus
1286 1891 1639 1939 Cardinalibus
1675 1906 1960 1952 magnoque
1994 1892 2356 1952 Episcoporum

148 1983 358 2015 numero
398 1983 483 2014 eos
521 1967 734 2027 excepit,
773 1967 945 2027 eisque
981 1968 1159 2014 faciem
1196 1968 1523 2014 osculandam
1562 1967 1728 2027 dedit,
1766 1968 1861 2027 ipsi
1898 1971 2017 2013 tunc
2053 1967 2226 2013 literas
2263 1967 2359 2012 Im-

149 2045 399 2107 peratoris
436 2044 602 2104 Papae
651 2045 1023 2103 exhibuerunt,
1075 2046 1348 2105 pluresque
1384 2045 1509 2091 alias
1547 2044 1719 2091 literas
1757 2044 2120 2104 Episcoporum
2157 2058 2363 2104 graeco-

150 2137 278 2168 rum.
347 2120 554 2167 Publice
591 2120 769 2166 literae
807 2120 1115 2166 Graecorum
1169 2121 1521 2178 declarabant,
1575 2135 1627 2166 se
1672 2120 1870 2165 venisse
1918 2119 2252 2179 Lugdunum,
2305 2122 2360 2164 ut

150 2196 489 2245 obedientiam
526 2200 844 2257 praestarent
881 2196 1084 2243 Summo
1122 2196 1370 2255 Pontifici,
1409 2200 1459 2243 et
1495 2196 1557 2242 ad
1594 2196 2057 2256 recognoscendum
2085 2195 2361 2241 Primatum

152 2274 459 2322 successoris
495 2274 540 2320 b.
578 2273 734 2332 Petri,
771 2288 966 2320 necnon
1005 2274 1198 2333 (notate
1234 2272 1409 2332 verba)
1447 2275 1524 2319 ius
1550 2273 1822 2334 recipiendi
1847 2273 2223 2333 appellationes.
2271 2271 2362 2318 His

153 2349 502 2410 similibusque
540 2349 784 2408 peractiS,
836 2349 886 2395 in
923 2350 1146 2396 sessione
1183 2349 1355 2395 habita
1404 2349 1481 2395 die
1519 2351 1562 2395 6.
1600 2349 1716 2395 Iulii
1752 2348 1870 2394 unio
1908 2347 2192 2393 immediate
2229 2347 2363 2393 facta

151 2427 264 2473 fuit.
336 2426 466 2472 Nam
502 2425 741 2472 Pontifex
776 2426 881 2487 ipse
918 2426 1104 2486 incepit
1140 2434 1341 2472 cantum
1381 2425 1551 2486 hymni
1588 2424 1924 2472 Ambrosiani.

306 2501 532 2559 „Quaero
571 2501 757 2561 igitur,
808 2501 923 2548 fidei
960 2501 1207 2560 formula,
1262 2502 1353 2547 sub
1404 2517 1502 2561 qua
1551 2500 1614 2547 ad
1649 2501 1795 2546 finem
1834 2500 2078 2561 perducta
2115 2500 2209 2545 fuit
2245 2499 2363 2544 unio

155 2578 470 2623 Graecorum
508 2591 619 2622 eum
656 2576 885 2623 Ecclesia
920 2576 1106 2636 latina,
1144 2577 1363 2623 formula
1399 2578 1448 2622 in
1487 2577 1709 2623 sessione
1746 2576 1955 2622 solemni
1991 2575 2202 2621 Concilii
2236 2575 2368 2634 Lug-

157 2654 397 2700 dunensis
433 2652 714 2713 praelecta,
752 2653 983 2711 formula,
1022 2668 1150 2713 quae
1188 2658 1296 2699 erat
1333 2668 1448 2713 pars
1498 2652 1714 2698 maxima
1751 2650 1963 2698 Concilii
1997 2650 2365 2711 LugdunensiS,

158 2745 270 2776 nam
310 2743 480 2776 omnes
518 2729 759 2787 sciebant,
800 2744 906 2775 eam
944 2745 972 2774 a
998 2728 1255 2776 Clemente
1281 2729 1370 2775 [V.
1408 2728 1607 2775 missam
1636 2743 1744 2775 esse
1771 2726 2272 2788 Constantinopolim,
2310 2730 2366 2773 ut

158 2810 292 2852 esset
329 2805 712 2851 fundamentum
750 2805 966 2864 unionis,
1002 2820 1169 2851 nonne
1196 2805 1291 2851 dici
1325 2806 1473 2851 <lebet
1499 2805 1717 2850 formula
1744 2803 1956 2850 Concilii
1980 2802 2366 2863 Lugdunensis?

161 2881 273 2928 Non
292 2882 389 2928 fuit
415 2882 654 2927 discussa.
696 2880 826 2935 Quid
853 2882 1098 2928 interest?
1141 2882 1366 2927 Ecclesia
1384 2881 1609 2926 Romana
1635 2881 2017 2926 fundamentum
2045 2880 2159 2925 fidei
2184 2879 2248 2925 ad
2274 2878 2368 2925 dis-

160 2958 443 3005 cussionem
482 2971 582 3003 non
619 2957 820 3003 admisit
855 2972 946 3003 nec
984 2957 1250 3003 admittere
1288 2961 1502 3018 poterat.
1552 2960 1620 3003 At
1655 2956 1892 3016 Episcopi
1925 2956 2110 3016 graeci,
2151 2955 2235 3016 qui
2269 2970 2366 3001 non

162 3036 546 3081 intervenerunt
584 3032 824 3092 Concilio,
864 3034 1207 3093 subscribere,
1261 3035 1408 3080 etiam
1449 3034 1645 3081 duobus
1683 3032 1953 3078 transactis
1989 3032 2147 3091 annis,
2184 3032 2370 3077 formu-

163 3112 262 3158 lam
299 3111 587 3157 noluerunt.
638 3109 766 3163 Quid
805 3110 866 3155 ad
903 3110 1027 3156 nos?
1079 3110 1180 3170 Ipsi
1217 3110 1386 3156 videre
1426 3110 1701 3168 debebant,
1740 3124 1853 3154 nam
1893 3108 1953 3154 de
1991 3123 2163 3154 eorum
2203 3108 2370 3153 ortho-

163 3188 315 3235 doxia
361 3188 622 3247 agebatur.
693 3186 906 3233 Essetne
943 3186 1105 3232 minus
1141 3186 1376 3246 generale
1414 3184 1691 3231 Concilium
1728 3185 2097 3244 Lugdunense,
2147 3184 2264 3244 quia
2300 3185 2371 3230 illi

163 3263 332 3324 graeci
378 3262 616 3322 Episcopi
666 3277 765 3308 non
813 3262 1191 3308 adhaeserunt?
1250 3262 1451 3307 Maneat
1499 3261 1652 3321 igitur
1705 3260 1876 3307 citatio
1926 3259 2134 3306 Concilii
2169 3260 2372 3320 Lugdu-

164 3339 350 3386 nensis.
421 3338 659 3393 Quamvis
696 3339 774 3384 hic
811 3338 1096 3384 laudandus
1131 3338 1193 3383 sit
1227 3353 1374 3397 quam
1414 3338 1631 3383 maxime
1669 3352 1849 3396 scopus
1887 3336 2248 3395 emendatoris,
2287 3336 2370 3396 qui

168 3419 274 3471 est,
321 3429 384 3459 ne
430 3413 479 3459 in
522 3418 780 3474 posterum
817 3414 1073 3460 Ecclesiae
1121 3413 1398 3459 catholicae
1450 3413 1639 3473 aliquid
1691 3413 1739 3457 in
1778 3410 2002 3458 Concilio
2051 3411 2371 3458 oecumenico

167 3490 332 3536 minus
369 3489 428 3535 ad
467 3489 708 3535 historiae
745 3489 880 3549 leges
917 3504 1190 3535 consonum
1228 3488 1591 3549 exprobretur,
1645 3491 1865 3534 attamen
1903 3488 2032 3533 hanc
2069 3486 2375 3533 emendatio-

167 3581 280 3613 nem
320 3567 578 3627 deputatio
617 3567 677 3612 ‹le
712 3566 808 3612 fide
845 3567 1110 3612 admittere
1146 3582 1244 3612 non
1281 3562 1491 3625 potest.“

315 3641 330 3667 ¹
368 3642 425 3687 In
465 3641 789 3688 adnotatione
826 3642 1034 3702 pristino
1073 3642 1316 3688 schemati
1354 3641 1549 3687 adiecta
1588 3638 1662 3697 (C.
1701 3639 1761 3685 V.
1800 3640 1936 3685 6161)
1975 3638 2102 3700 sqq.)
2153 3638 2372 3699 theologi

169 3716 390 3763 afferunt
427 3718 708 3778 oppositam
744 3717 1026 3763 doctrinam
1054 3717 1365 3763 Tamburinii
1403 3716 1559 3773 (Vera
1594 3715 1707 3760 idea
1743 3714 1803 3760 de
1841 3714 1887 3760 S.
1915 3714 2040 3760 Sede
2077 3713 2131 3760 P.
2157 3714 2226 3759 II.
2266 3729 2304 3759 c.
2331 3715 2375 3760 2.

168 3790 228 3849 ἐξ
270 3794 340 3839 15.
379 3794 451 3839 18.
495 3792 604 3852 19.),
644 3793 722 3838 cui
758 3793 881 3838 haec
919 3792 1135 3838 addunt:
1177 3792 1246 3851 „E
1285 3792 1465 3852 quibus
1503 3790 1821 3836 manifestum
1850 3792 1942 3847 est,
1979 3805 2007 3835 a
2033 3789 2374 3848 Tamburinio,

171 3867 254 3913 cui
292 3904 301 3914 .
341 3903 350 3914 .
389 3904 398 3914 .
438 3868 684 3915 Gallicani
720 3869 866 3927 plane
904 3867 1250 3926 consentiunt,
1291 3865 1540 3922 contendi,
1578 3866 1654 3911 fas
1692 3880 1800 3911 esse
1836 3880 1891 3910 ac
1928 3864 2079 3911 licere
2116 3880 2144 3910 a
2180 3865 2374 3911 iudiciis

1942 3938 2030 3983 15>x=
