2548 4290
183 103 286 154 130
350 104 463 144 Pars
496 103 555 144 II.
612 101 766 144 Const.
804 101 858 142 de
890 101 1013 142 Eccl.
1081 100 1192 156 Cap.
1225 100 1284 141 11.
1343 98 1760 143 commentationes
1795 100 1850 141 de
1883 102 2119 155 aliquibus
2152 103 2281 144 locis.

178 268 396 321 quoque
456 249 820 302 fundamenta
877 251 933 300 et
987 252 1323 317 potestatem
1388 245 1643 299 solvendi
1709 265 2143 302 commemorare
2210 253 2265 302 et
2330 226 2490 304 oum.
2542 247 2548 299 ξ

177 353 391 388 summa
431 333 584 387 Petri
625 336 899 403 potestate
942 331 1215 385 conferre.
1284 330 1572 400 Optimum
1613 332 1805 402 utique
1848 336 1994 398 erat,
2039 331 2345 386 doctrinam
2386 334 2454 390 de
2491 368 2496 373 ·

176 420 480 491 apostolico
522 436 768 484 munere,
810 422 1004 488 utpote
1046 416 1384 488 generalem,
1427 417 1507 468 illi
1551 416 1618 469 de
1647 416 1899 470 Primatu
1940 436 2304 489 praeponere,
2347 437 2454 491 quo
2542 413 2548 481 Ϊ

175 505 321 557 facto
362 505 641 557 Primatus
695 509 894 556 natura
947 508 1003 555 et
1054 503 1134 555 vis
1186 503 1243 554 in
1284 501 1453 572 plena
1502 502 1624 555 luce
1679 504 2044 574 apparuisset.
2124 502 2287 565 Quod
2328 505 2455 575 quia
2543 492 2548 558 ξ

175 609 285 643 non
327 590 564 660 placuit,
616 589 916 643 inserenda
956 587 1046 640 hic
1087 588 1283 641 saltem
1326 589 1779 641 commemoratio
1821 589 2043 642 videtur
2083 590 2139 642 in
2180 590 2327 642 hunc
2366 591 2454 644 vel
2545 583 2548 629 Ϊ

175 675 410 728 similem
470 674 728 728 modum:
796 674 1081 741 ,Quamvis
1138 678 1328 726 sancta
1384 672 1493 726 Dei
1549 673 1802 726 Ecclesia
1865 692 2031 745 super
2096 674 2456 730 fundamenta
2544 705 2548 740 -j

177 761 422 814 omnium
475 760 873 831 Apostolorum
928 777 959 811 a
1012 758 1232 812 Christo
1285 758 1528 811 Domino
1581 764 1865 812 exstructa
1922 761 2018 827 sit,
2073 778 2375 832 omnesque
2425 780 2458 816 a

176 846 363 899 divino
406 847 784 918 Redemptore
828 845 1097 915 alligandi
1140 849 1194 897 et
1235 845 1490 898 solvendi
1531 863 1697 916 supra
1752 850 1957 898 terram
1998 851 2331 916 potestatem
2372 864 2458 900 ac·

176 933 452 1003 ceperint:
510 937 696 985 tamen
739 930 1008 1002 peculiari
1050 935 1105 983 et
1146 930 1414 983 eminenti
1455 930 1618 983 modo
1675 948 1842 1000 super
1884 931 2116 984 Petrum
2168 931 2459 985 aedificata
2507 945 2509 947 ’
2546 967 2548 986 ;

176 1016 296 1070 fuit.
377 1016 469 1069 Ad
511 1035 636 1070 eum
679 1017 856 1069 solum
901 1016 1067 1068 enim‘
1110 1014 1245 1068 etc.“
1272 1015 1287 1045 ¹

322 1102 462 1156 Eam
513 1121 630 1156 rem
680 1102 852 1155 Rffius
893 1101 1359 1154 Bartholomaeus
1415 1099 1749 1169 d'Avanzo,
1804 1102 2117 1173 Episcopus
2172 1101 2459 1154 Calvensis

177 1194 230 1241 et
272 1188 647 1255 Theanensis,
707 1188 802 1258 qui
842 1187 1065 1240 nomine
1110 1186 1486 1257 deputationis
1529 1187 1596 1240 de
1640 1187 1747 1240 fide
1790 1187 2119 1241 relationem
2164 1186 2231 1240 de
2274 1204 2460 1240 emen·
2505 1208 2509 1236 ς,

177 1273 492 1327 dationibus
533 1274 590 1326 in
634 1279 801 1344 caput
843 1274 1083 1344 primum
1126 1279 1181 1326 et
1222 1272 1527 1326 secundum
1568 1274 1866 1344 propositis
1908 1273 2121 1343 habuit,
2165 1273 2459 1326 accuratis·

175 1360 310 1412 sime
342 1360 630 1430 expendit,
673 1360 1130 1430 praeclaramque
1176 1359 1294 1411 eius
1336 1360 1746 1430 expositionem
1787 1358 2104 1430 integram²
2144 1359 2451 1413 afferemus.
2500 1377 2503 1379 ·

330 1444 752 1513 „Emendatio“,
805 1445 1015 1515 inquit,
1077 1444 1288 1515 „primo
1344 1450 1575 1515 aspectu
1629 1445 1854 1515 gravior
1907 1450 2140 1517 apparet
2197 1450 2251 1498 et
2308 1448 2452 1499 certe

177 1531 362 1602 digna,
405 1550 544 1602 quae
588 1531 886 1602 diligenter
928 1531 1308 1601 expendatur3
1372 1548 1607 1602 cumque
1649 1537 1847 1601 agatur
1890 1532 1957 1584 de
1997 1531 2454 1601 interpretatione

174 1621 364 1670 textus
406 1618 745 1687 Scripturae,
787 1617 1140 1687 permittatiS,
1184 1635 1337 1687 rogo,
1380 1620 1440 1669 ut
1481 1618 1665 1688 potius
1706 1618 1909 1688 legam.
2547 1676 2548 1679 Ἴ

329 1702 558 1773 „Itaque
599 1707 744 1754 rffius
798 1701 1126 1755 emendator
1169 1720 1240 1755 ex
1284 1702 1477 1755 eadem
1521 1710 1932 1774 praeconcepta
1971 1702 2116 1770 idea,
2161 1701 2308 1773 quod
2349 1719 2455 1755 non
2545 1708 2548 1774 3]

175 1789 346 1859 possit
385 1789 609 1841 tractari
651 1789 716 1841 de
760 1788 1011 1840 Primatu
1053 1788 1157 1840 nisi
1199 1788 1350 1858 prius
1392 1794 1590 1859 agatur
1632 1789 1699 1842 de
1741 1789 1995 1842 Ecclesia
2036 1794 2091 1842 et
2132 1788 2456 1859 praesertim
2545 1775 2548 1809 ‘³

176 1875 243 1928 de
297 1875 601 1946 apostolico
644 1893 908 1943 munere,
963 1874 1207 1926 admittit
1248 1874 1473 1944 quidem
1514 1874 1985 1945 perceleberrima
2024 1874 2121 1927 illa
2161 1874 2283 1927 loca
2322 1872 2459 1926 Mat·
2544 1869 2548 1923 ’ἰ

174 1961 350 2013 thaei:
412 1959 494 2012 Tu
533 1978 582 2013 63
618 1961 804 2012 Petrus
844 1966 946 2023 ete„
989 1965 1043 2013 et
1085 1960 1338 2012 Ioannis:
1392 1960 1552 2013 Pasce
1591 1979 1700 2014 oves
1739 1967 1849 2029 etc,
1889 1960 2129 2032 ideoque
2171 1959 2459 2013 evidenter

173 2047 325 2099 Petri
367 2046 677 2100 Primatum
720 2046 990 2113 admittit3
1043 2046 1141 2099 sed
1184 2046 1368 2114 addit,
1412 2047 1559 2119 quod
1601 2047 1656 2100 id
1697 2065 1890 2101 verum
1933 2048 2002 2100 sit
2040 2047 2362 2113 literaliter,
2404 2050 2460 2099 at
2520 2082 2548 2103 f.

176 2132 358 2203 quoad
400 2151 515 2186 rem
557 2133 734 2204 ipsam
777 2132 1031 2204 pluribus
1073 2131 1493 2186 difficultatibus
1537 2138 1592 2186 et
1633 2133 1815 2186 dubiis
1855 2133 2040 2186 locum
2082 2133 2241 2201 dent,
2295 2136 2459 2204 prout
2546 2161 2548 2165 .

177 2218 565 2288 exprimuntur
594 2219 649 2270 in
691 2218 872 2289 capite
902 2218 1080 2289 primo
1123 2218 1419 2271 schematis
1457 2219 1647 2286 nostri,
1692 2223 1747 2271 et
1774 2219 1851 2271 sic
1892 2218 2251 2272 ratiocinatur
2277 2217 2459 2270 illffius

177 2308 230 2356 et
270 2306 416 2356 rinus
459 2303 802 2358 emendator.
857 2302 925 2356 In
967 2304 1249 2356 schemate
1280 2303 1506 2356 dicitur:
1550 2304 1662 2357 Uni
1692 2305 1863 2358 Petro
1894 2304 2103 2357 dictum
2133 2309 2245 2356 est:
2292 2301 2463 2368 Quod-
2522 2319 2527 2342 1

173 2407 393 2462 cumque
429 2391 637 2443 solveris
675 2396 777 2456 etc,
819 2389 972 2460 atqui
1014 2390 1181 2443 etiam
1220 2389 1506 2460 Apostolis
1536 2390 1733 2445 Matth.
1775 2392 1841 2444 18
1885 2391 2093 2443 dictum
2135 2394 2248 2442 est:
2293 2388 2462 2454 Quae·
2520 2378 2548 2456 57]

176 2493 393 2547 cumque
444 2476 697 2528 solveritis
741 2520 749 2528 .
793 2518 802 2528 .
849 2495 893 2542 .,·
934 2475 1028 2528 uni
1070 2476 1236 2528 Petro
1281 2475 1490 2528 dictum
1534 2484 1644 2529 est:
1706 2476 1787 2529 Tu
1828 2494 1879 2529 63
1918 2476 2106 2529 Petrus
2144 2481 2253 2543 eto.;
2306 2474 2458 2545 atqui
2521 2474 2527 2528 ss

178 2562 346 2614 etiam
388 2560 673 2632 Apostolis
717 2561 925 2613 dictum
968 2566 1077 2628 est,
1132 2561 1278 2631 quod
1321 2561 1429 2613 sint
1469 2561 1927 2615 fundamentum:
1983 2561 2266 2630 Aedifioati
2302 2576 2461 2629 super
2516 2555 2531 2613 ἶ,

168 2648 586 2716 fundamentmn
637 2648 1004 2716 Apostolorum
1048 2691 1058 2700 .
1104 2691 1113 2700 .
1161 2667 1206 2714 .;
1258 2647 1353 2698 uni
1396 2647 1565 2701 Petro
1608 2648 1807 2700 dicitur
1849 2647 2086 2700 dictum:
2139 2647 2298 2699 Pasce
2350 2661 2460 2698 ove-s

174 2739 272 2799 etc„
313 2733 467 2803 atqui
511 2734 744 2785 caeteris
788 2733 953 2785 etiam
998 2732 1285 2802 Apostolis
1329 2733 1537 2786 dictum
1582 2738 1696 2786 est:
1743 2733 1890 2787 Sicut
1928 2735 2068 2787 misit
2107 2750 2186 2785 me
2224 2732 2382 2785 Pater
2420 2736 2464 2783 et
2546 2745 2548 2748 ’

174 2837 257 2889 eqo
298 2821 438 2871 mitto
478 2836 592 2888 vos;
647 2824 817 2871 euntes
869 2818 1043 2870 docete.
1090 2860 1099 2868 .
1145 2860 1155 2869 .
1223 2818 1403 2889 Igitur
1459 2819 1742 2872 concludit
1795 2819 2154 2872 emendator:
2209 2822 2271 2870 ut
2322 2817 2463 2869 bene
2525 2837 2527 2839 ·

176 2905 360 2958 omnia
402 2905 765 2969 cohaereant,
816 2909 870 2956 et
912 2903 1210 2957 difficultas
1254 2905 1430 2957 omnis
1472 2910 1797 2972 evanescat,
1851 2904 2223 2958 necessarium
2267 2909 2365 2970 est,
2405 2906 2465 2953 ut

177 2996 492 3060 exponatur
535 2991 700 3059 clare,
742 2991 798 3042 in
841 3008 949 3061 qua
990 2989 1260 3043 relatione
1304 2991 1533 3059 (notate,
1577 2991 1715 3045 haec
1759 2995 1840 3044 est
1883 2989 2205 3055 difficultas)
2248 2989 2357 3041 sint
2396 2986 2465 3040 ad

176 3076 416 3129 invicem
457 3076 561 3128 hae
593 3075 798 3128 Christi
840 3076 1231 3146 promissiones
1275 3076 1346 3129 ad
1375 3076 1605 3129 Petrum
1649 3083 1703 3129 et
1746 3076 1815 3128 ad
1846 3075 2175 3148 Apostolos;
2218 3073 2274 3126 id
2316 3072 2464 3144 quod

177 3162 441 3232 consequi
495 3162 715 3232 nequit,
771 3161 874 3213 nisi
930 3161 996 3214 de
1039 3161 1376 3232 Apostolatu
1429 3162 1592 3214 simul
1634 3168 1689 3216 et
1728 3162 1795 3214 de
1838 3161 2089 3214 Primatu
2131 3160 2299 3213 etiam
2341 3175 2464 3229 per-

175 3252 462 3300 tractetur.
543 3246 629 3299 En
683 3251 800 3299 tota
854 3246 1228 3299 emendatoris
1280 3253 1335 3299 et
1388 3248 1619 3300 oratoris
1661 3246 2042 3312 ratiocinatio,
2099 3245 2254 3297 cuius
2295 3243 2464 3296 robur

176 3332 345 3386 fuisse
389 3352 420 3386 a
459 3351 546 3385 me
600 3333 952 3384 imminutum
1010 3332 1194 3384 nullus
1248 3338 1398 3385 certe
1458 3332 1686 3386 audebit
1739 3348 2002 3384 asserere.
2081 3330 2295 3383 Idcirco
2348 3329 2465 3400 ipse

177 3419 439 3490 proponit
471 3418 785 3484 formulam,
830 3435 971 3487 quae
1000 3417 1224 3489 incipit:
1270 3417 1521 3483 Quamvis
1546 3424 1644 3487 etc„
1686 3419 1742 3470 in
1771 3436 1879 3488 qua
1918 3417 2130 3470 scilicet
2169 3416 2229 3468 fit
2257 3414 2462 3468 mentio

179 3511 295 3557 tum
340 3505 408 3557 de
450 3510 611 3557 textu
644 3503 1062 3572 fundamentum
1104 3505 1487 3573 Apostolorum,
1529 3510 1645 3556 tum
1690 3503 1757 3555 de
1800 3503 1938 3555 aliis,
1993 3512 1996 3515 ⁴

331 3590 607 3657 „Verum,
666 3589 786 3642 Effii
830 3594 884 3640 et
925 3588 1049 3640 Rffii
1092 3589 1318 3656 PatreS,
1374 3590 1478 3642 ista
1518 3589 1736 3642 nonnisi
1790 3588 2033 3657 speciem
2076 3585 2284 3639 habent
2326 3584 2466 3637 diffi-

179 3675 417 3742 cultatis,
464 3693 626 3745 quam
668 3674 796 3726 inde
838 3692 869 3725 a
910 3692 1007 3727 suo
1051 3681 1303 3744 tempore
1344 3675 1399 3727 in
1442 3675 1677 3727 nihilum
1719 3673 1940 3744 redegit
1969 3672 2329 3725 Innocentius
2359 3669 2462 3723 III.

179 3760 433 3830 epistola,
476 3778 618 3830 quae
661 3759 855 3829 incipit
897 3760 1217 3829 Apostoliocze
1256 3760 1421 3826 Sedis,
1464 3759 1533 3812 ad
1574 3758 1959 3812 Patriarcham
2003 3756 2466 3826 Constantinopo-

329 3938 343 3965 ¹
384 3939 789 3988 Emendationes
829 3944 926 3989 etc.
999 3940 1054 3989 O.
1092 3941 1155 3990 V.
1195 3943 1289 3988 313
1307 3957 1348 3990 c.
1378 3941 1425 3989 d.
1613 3940 1629 3967 ²
1674 3940 1727 3989 O.
1769 3941 1831 3989 V.
1872 3942 2015 3990 320b
2058 3956 2169 4003 sqq.
