2548 4290
761 174 875 214 Eius
907 185 1002 226 cap.
1035 173 1114 213 IV.
1169 173 1237 213 De
1268 173 1354 213 fide
1387 177 1430 213 et
1461 176 1647 213 ratione.
2243 169 2306 218 91

244 316 338 386 [3.]
381 317 588 369 Verum
641 316 741 368 etsi
792 315 926 367 fides
976 316 1042 367 sit
1083 333 1246 385 supra
1292 315 1587 379 rationem,
1639 314 1790 365 nulla
1838 319 2020 365 tamen
2075 329 2312 380 unquam

96 403 236 455 inter
275 399 436 451 fidem
476 405 529 451 et
567 398 834 450 rationem
884 415 1016 450 vera
1055 398 1318 450 dissensio
1369 415 1485 450 esse
1538 402 1745 466 potest:
1799 413 1921 447 cum
1959 395 2106 447 idem
2144 393 2314 459 DeuS,

97 484 187 555 qui
226 483 483 553 mysteria
520 481 729 533 revelat
769 485 824 532 et
862 480 1024 533 fidem
1063 480 1328 545 infundit,
1370 480 1550 532 animo
1592 480 1828 531 humano
1868 477 2091 530 rationis
2129 477 2314 528 lumen

96 566 377 630 indiderit3
429 566 579 617 Deus
628 569 810 615 autem
861 581 1065 632 negare
1116 564 1352 631 seipsum
1404 581 1513 615 non
1552 563 1748 631 possit,
1802 578 1903 613 nec
1956 578 2145 612 verum
2185 576 2316 611 vero

96 666 333 719 unquam
373 647 762 700 contradicere.
815 646 1001 698 Inanis
1042 653 1221 699 autem
1263 647 1421 698 huius
1463 645 1903 698 contradictionis
1943 644 2151 712 species
2188 641 2317 693 inde

31 743 36 748 ’
97 731 430 804 potissimum
468 731 664 796 oritur,
717 730 860 799 quod
909 730 996 782 vel
1047 730 1174 781 fidei
1216 729 1471 797 dogmata
1523 729 1590 780 ad
1643 734 1880 780 mentem
1919 727 2198 779 Ecclesiae
2238 726 2316 777 in-

97 814 316 868 tellecta
355 818 408 865 et
449 813 698 882 exposita
739 831 846 864 non
887 812 1108 877 fuerint,
1150 812 1236 863 vel
1279 813 1595 881 opinionum
1624 815 1930 863 commenta
1970 827 2065 875 pro
2093 808 2318 860 rationis

98 897 272 951 effatis
311 895 631 948 habeantur.
685 894 914 947 Omnem
956 896 1123 964 igitur
1162 896 1519 947 assertionem
1558 894 1776 946 veritati
1814 892 2152 945 illuminatae
2192 890 2318 942 fidei

98 980 420 1034 contrariam
477 980 696 1031 omnino
749 979 964 1031 falsam.
1000 996 1117 1031 esse
1175 979 1460 1031 definimus
1487 980 1549 1044 a).
1628 978 1799 1029 Porro
1850 976 2122 1036 Ecclesia,
2179 992 2317 1043 quae

98 1082 203 1116 una
242 1081 363 1116 cum
403 1063 699 1131 apostolico
739 1080 964 1115 munere
1006 1062 1262 1128 docendi,
1305 1062 1616 1114 mandatum
1661 1061 1900 1130 accepit,
1940 1060 2067 1111 fidei
2107 1058 2317 1126 deposi-

97 1152 210 1200 tum
251 1146 620 1211 custodiendi,
674 1147 756 1197 ius
810 1147 983 1202 etiam¹
1027 1151 1080 1197 et
1121 1145 1356 1198 officium
1410 1145 1668 1197 divinitus
1719 1145 1885 1196 habet
1923 1143 2044 1194 falsi
2087 1142 2318 1193 nominis

96 1230 371 1282 scientiam
400 1229 772 1296 proscribendi
796 1229 829 1293 ¹,
858 1246 926 1281 ne
957 1229 1074 1298 quis
1104 1229 1406 1298 decipiatur
1434 1246 1532 1297 per
1560 1226 1976 1298 philosophiam,
2018 1231 2071 1277 et
2097 1226 2314 1276 inanem

241 1410 290 1469 a)
329 1410 480 1458 Conc.
506 1412 617 1459 Lat.
643 1411 704 1458 V.
733 1411 879 1458 Bulla
905 1411 1171 1472 Apostolici
1193 1412 1456 1473 reqz‘mimie.
1499 1409 1673 1468 [Hard.
1703 1408 1828 1456 (3011.
1856 1408 2007 1456 Cone.
2033 1408 2126 1465 IX,
2155 1406 2317 1466 1719]

101 1564 253 1609 supra
289 1553 493 1610 captum
528 1549 768 1609 rationis,
816 1565 948 1596 nunc
985 1550 1341 1596 universaliori
1388 1565 1521 1596 nunc
1569 1549 1916 1610 temperatiori
1964 1548 2126 1594 forma
2164 1562 2322 1593 enun-

96 1625 268 1685 tiatus,
306 1625 572 1672 constituit
606 1626 771 1686 ipsum
804 1626 1024 1686 logicum
1051 1626 1351 1687 principium
1390 1625 1864 1672 semirationalismi.
1916 1624 2076 1670 Aiunt
2112 1622 2319 1680 scilicet,

95 1701 337 1748 veritates
374 1701 586 1762 proponi
622 1701 861 1748 historice
896 1702 947 1748 in
984 1701 1321 1759 revelatione,
1361 1702 1448 1749 sed
1486 1717 1569 1748 eas
1607 1716 1796 1758 omnes,
1836 1700 2014 1747 saltem
2049 1704 2318 1761 postquam

97 1776 169 1824 ita
218 1777 459 1825 historice
494 1778 855 1838 innotuerunt,
904 1793 1052 1839 posse
1097 1779 1248 1825 etiam
1288 1795 1350 1825 ex
1401 1778 1688 1825 intrinsecis
1725 1777 2026 1824 necessariis
2063 1774 2320 1837 principiis

96 1852 284 1900 lumine
334 1855 544 1901 rationis
595 1854 871 1916 perspectis
921 1854 1134 1915 intelligi
1188 1858 1236 1901 et
1288 1855 1651 1913 demonstrari,
1704 1855 1801 1900 imo
1848 1854 1942 1900 hoc
1993 1853 2157 1914 ipsum
2210 1866 2321 1898 esse

96 1930 354 1992 proprium
388 1946 571 1977 munus
607 1930 973 1991 philosophiae.
1022 1930 1117 1985 Qui
1155 1932 1462 1978 creationem
1502 1935 1552 1978 et
1589 1931 1908 1992 operationes
1943 1930 2037 1976 Dei
2073 1928 2136 1975 ad
2173 1931 2321 1975 extra

97 2005 350 2053 affirmant
384 2007 697 2054 necessarias
737 2022 845 2054 esse
878 2022 939 2053 ex
975 2008 1084 2068 ipsa
1120 2008 1214 2053 Dei
1249 2012 1433 2054 natura
1469 2011 1519 2054 et
1555 2021 1753 2062 amore,
1793 2021 1890 2067 quo
1929 2021 1982 2052 se
2017 2006 2181 2066 ipsum
2217 2018 2320 2050 non

97 2085 264 2143 potest
299 2097 399 2128 non
436 2097 632 2140 amare,
682 2082 753 2128 illi
789 2083 981 2143 absque
1018 2083 1342 2129 distinctione
1379 2083 1651 2129 universim
1689 2083 1970 2144 loquuntur
2021 2082 2080 2128 de
2117 2081 2321 2127 demon-

101 2158 347 2205 stratione
382 2158 732 2219 philosophica
767 2160 974 2204 omnium
1011 2161 1264 2205 veritatum
1299 2160 1668 2216 revelatarnm,
1708 2158 1934 2219 quamvis
1972 2158 2162 2204 directe
2197 2173 2321 2218 prae

98 2233 255 2280 oculis
305 2233 494 2280 habere
543 2234 739 2280 soleant
785 2235 1030 2294 mysteria
1076 2235 1348 2295 praecipua
1394 2234 1475 2281 SS,
1514 2234 1778 2281 Trinitatis
1832 2238 1880 2281 et
1922 2234 2317 2289 [ncarnationis3

98 2308 181 2356 alii
215 2324 333 2356 vero
372 2309 691 2369 distinguunt
726 2309 969 2356 veritates
1007 2310 1259 2357 revelatas
1297 2311 1346 2356 in
1386 2311 1633 2371 duplicem
1673 2311 1899 2369 classem,
1937 2325 2151 2371 quarum
2188 2309 2321 2355 aliae

95 2383 478 2431 fundamentum
527 2385 747 2431 habeant
793 2385 842 2431 in
880 2385 1052 2432 liberis
1089 2386 1182 2433 Dei
1221 2386 1474 2446 consiliis,
1525 2387 1655 2433 aliae
1691 2387 1791 2433 sint
1826 2387 1875 2432 in
1915 2402 1967 2432 se
2002 2386 2321 2432 necessariae

99 2474 163 2508 ex
196 2460 317 2522 ipsis
353 2475 520 2507 rerum
560 2461 791 2507 essentiis
814 2499 824 2519 ‚
877 2465 1032 2522 atque
1070 2462 1130 2508 de
1166 2462 1242 2508 his
1278 2463 1649 2522 posterioribus
1684 2463 2083 2524 nominatimque
2122 2462 2182 2508 de
2218 2477 2321 2522 my-

96 2536 251 2583 sterio
303 2535 383 2583 Ss.
436 2536 699 2583 Trinitatis
757 2536 1010 2584 affirmant
1060 2538 1198 2584 illam
1256 2539 1653 2600 philosophicam
1715 2538 2196 2584 demonstrationem
2257 2552 2318 2584 ex

95 2611 354 2674 principiis
390 2612 578 2658 lumine
614 2613 824 2659 rationis
861 2614 1163 2674 perspectis,
1217 2630 1275 2660 ac
1324 2614 1534 2675 proinde
1571 2619 1785 2675 negant,
1837 2630 1896 2661 ea
1932 2614 2173 2675 mysteria
2210 2629 2321 2660 esse

98 2702 251 2748 supra
288 2691 488 2749 captum
524 2686 783 2735 rationis.“
856 2689 932 2746 (O.
969 2690 1030 2737 V.
1068 2692 1161 2736 525
1180 2692 1226 2737 b.
1253 2690 1315 2748 c.)

246 2762 260 2789 ¹
300 2762 597 2821 Quaeritur,
646 2779 766 2810 num
803 2765 1029 2812 Ecclesia
1064 2766 1160 2813 hoc
1196 2767 1307 2813 loco
1346 2767 1496 2813 etiam
1536 2783 1643 2813 eam
1683 2767 1963 2814 doctrinam
1999 2765 2320 2827 proscribere

96 2854 244 2901 posse
282 2839 512 2898 dicatur,
565 2855 721 2900 quae,
771 2856 884 2888 cum
922 2857 1022 2888 non
1062 2843 1331 2889 immediate
1367 2847 1417 2889 et
1440 2844 1729 2903 formaliter
1766 2843 2027 2889 doctrinae
2062 2842 2321 2888 revelatae

98 2919 397 2977 opponatur,
434 2916 662 2963 haeresis
698 2931 799 2963 non
836 2920 927 2976 est,
968 2919 1053 2964 sed
1089 2922 1363 2979 propterea
1399 2919 1562 2965 solum
1598 2919 1748 2965 vitari
1786 2919 1951 2974 debet,
1989 2935 2051 2965 ne
2089 2918 2321 2965 doctrina

96 2990 320 3038 revelata
355 2996 405 3037 et
453 2991 738 3052 depositum
774 2992 889 3039 fidei
925 2993 975 3039 in
1027 2994 1308 3055 periculum
1344 2999 1569 3041 vocetur.
1641 2995 1700 3041 Id
1747 2998 1895 3055 putat
1930 2994 1968 3041 Ι.
2008 2995 2064 3041 Β.
2104 2994 2320 3040 Andries

99 3065 376 3126 (Cathedra
410 3066 639 3113 Romana
675 3068 798 3114 oder
835 3069 923 3114 der
959 3069 1302 3130 apostolische
1338 3070 1661 3131 Lehrprimat
1697 3086 1743 3130 p.
1781 3069 1910 3126 205).
1958 3070 2017 3116 In
2057 3085 2114 3116 eo
2152 3074 2320 3116 tamen

100 3146 251 3189 errat.
297 3142 348 3189 ln
373 3143 587 3203 pristino
616 3144 818 3204 quidem
857 3145 1114 3192 schemate
1151 3145 1212 3191 de
1250 3146 1409 3192 doctr.
1448 3146 1581 3192 cath.
1619 3160 1782 3192 sermo
1822 3149 1929 3192 erat
1967 3146 2027 3192 de
2064 3145 2322 3193 erroribus

105 3217 246 3277 „fidei
272 3222 321 3265 et
358 3220 606 3267 doctrinae
630 3217 918 3267 catlzolz·cae“
957 3222 1227 3267 contrariis
1255 3220 1330 3280 (C.
1357 3222 1417 3268 V.
1445 3223 1537 3268 513
1555 3238 1598 3269 a.
1623 3221 1693 3280 b),
1732 3226 1782 3268 et
1809 3222 2082 3268 secundum
2112 3223 2324 3268 adnota-

100 3293 285 3341 tionem
310 3295 662 3356 theologorum
690 3294 765 3353 (O.
784 3295 844 3342 V.
865 3298 957 3341 537
974 3295 1026 3353 b)
1052 3297 1128 3342 his
1154 3298 1364 3344 vocibus
1391 3299 1953 3359 comprehendebantur
1977 3302 2180 3358 praeter
2205 3298 2324 3343 hae-

101 3383 239 3416 reses
277 3370 426 3417 etiam
459 3371 545 3417 alii
581 3385 782 3417 errores
817 3373 1121 3418 revelationi
1156 3373 1502 3421 adversantes.
1572 3374 1677 3421 Eae
1714 3379 1882 3420 autem
1919 3389 2067 3420 voces
2105 3390 2133 3419 a
2171 3374 2325 3434 depu-

101 3444 293 3492 tatione
329 3450 557 3493 mutatae
594 3451 742 3506 sunt,
793 3452 851 3494 ut
886 3463 987 3494 non
1022 3450 1123 3495 iam
1160 3449 1220 3495 de
1256 3450 1356 3496 illis
1393 3450 1651 3497 erroribus
1688 3466 1852 3497 sermo
1890 3451 1968 3496 sit.
2040 3450 2321 3497 Concilium

103 3519 164 3567 de
197 3521 258 3567 iis
295 3536 446 3582 agere
480 3522 719 3583 noluisse,
758 3523 906 3584 plane
943 3523 1148 3571 evidens
1188 3528 1264 3571 est
1302 3541 1363 3571 ex
1399 3526 1613 3572 historia
1648 3526 1800 3573 huius
1837 3527 2030 3587 capitis.
2085 3526 2144 3572 In
2182 3527 2322 3573 sche-

102 3599 236 3643 mate
289 3596 418 3643 enim
467 3596 861 3659 Congregationi
911 3601 1137 3661 generali
1194 3603 1453 3663 proposito
1507 3617 1665 3648 canon
1720 3602 2125 3663 correspondensv
2172 3607 2324 3651 antea

103 3672 320 3719 exstitit:
367 3671 448 3732 „Si
486 3674 596 3734 quis
633 3674 834 3734 dixerit,
870 3676 1064 3722 licitum
1102 3691 1227 3736 esse,
1264 3682 1441 3724 tenere
1476 3679 1556 3724 vel
1594 3679 1795 3725 tradere
1834 3679 2093 3738 opiniones
2130 3679 2191 3726 ab
2229 3680 2324 3727 Ec-

103 3747 255 3795 clesia
291 3748 569 3806 damnatas,
609 3749 876 3799 dummodo
912 3768 976 3799 ne
1012 3753 1111 3799 sint
1150 3754 1417 3801 damnatae
1443 3757 1684 3816 tanquam
1710 3755 2014 3813 haereticae,
2051 3756 2323 3803 anathema

104 3819 213 3870 sit.“
288 3823 361 3881 (O.
399 3823 460 3870 V.
499 3826 557 3870 77
578 3824 638 3881 c.)
708 3827 815 3873 Iam
864 3828 1020 3890 aliqui
1056 3829 1236 3875 Patres
1285 3830 1368 3876 alii
1405 3829 1515 3875 aliis
1563 3830 1702 3876 ducti
1750 3830 2034 3876 rationibus
2071 3831 2204 3877 hunc
2243 3847 2323 3878 ca-

104 3912 285 3945 nonem
322 3898 486 3945 omitti
521 3899 600 3946 vel
636 3901 822 3947 mutari
856 3903 1145 3951 voluerunt.
1214 3903 1289 3961 (O.
1326 3903 1388 3951 V.
1431 3906 1580 3952 1991).
1609 3906 1669 3963 c.)
1742 3906 2012 3952 Decretum
2051 3907 2207 3967 igitur
2242 3912 2321 3954 est
