2548 4290
349 193 538 236 Schema
569 194 811 246 pristinum
843 191 898 231 de
929 190 1068 232 doctr.
1102 191 1217 231 cath.
1251 189 1540 231 Reformatur
1570 192 1616 230 in
1649 189 1956 243 deputatione.
2198 189 2261 239 17

47 336 233 408 paucis
270 336 326 387 in
364 336 493 387 locis
533 339 740 386 mutata
780 334 1017 386 omnium
1059 332 1320 401 suffragia
1347 333 1607 386 tulerunt.
1674 332 1869 385 Cetera
1895 331 2266 402 probabantur

48 419 313 485 omnibuS,
353 418 564 470 duobus
602 418 689 470 vel
728 417 900 469 tribus
940 417 1188 487 exceptis
1210 416 1244 468 ¹.

190 504 256 555 In
296 503 487 555 eadem
527 502 764 554 sessione
806 501 1166 553 decreverunt
1203 500 1429 566 PatreS,
1467 505 1528 551 ut
1566 499 1903 568 prooemium
1942 505 1996 552 et
2036 505 2267 569 quatuor

47 587 252 656 capita,
309 603 446 655 quae
487 584 799 636 examinata
838 585 943 636 iam
983 589 1139 636 erant
1179 588 1232 636 et
1271 582 1590 653 approbata,
1636 582 1857 651 propria
1894 583 2088 635 fierent
2127 583 2265 635 Con-

46 671 273 735 stitutio,
310 686 448 738 quae
488 668 629 738 typis
670 667 943 737 descripta
984 666 1410 736 Congregationi
1458 671 1854 734 proponeretur
1869 664 1906 717 ².
1986 666 2087 718 Cui
2128 666 2267 719 Con-

47 753 319 807 stitutioni
362 752 640 821 deputatio
669 752 877 803 addidit
905 751 1325 815 conclusionem,
1368 768 1528 819 quam
1561 750 1709 819 prius
1736 750 2039 819 Episcopus
2067 751 2270 803 Pader-

47 836 330 889 bornensis
356 836 454 887 toti
487 834 782 887 reformato
811 835 1074 886 schemati
1103 834 1300 899 (novem
1330 832 1598 902 capitibus
1621 833 1911 900 constanti)
1943 834 2216 886 adiecerat
2234 833 2269 887 3.

188 919 381 971 Altera
432 918 626 986 prioris
678 918 967 969 schematis
1020 917 1086 969 de
1140 916 1385 967 doctrina
1438 915 1705 968 catholica
1754 934 1878 985 pars
1929 917 2093 968 etiam
2134 922 2267 969 tam-

44 1020 204 1071 quam
243 1002 497 1072 propriae
527 1000 939 1054 Constitutionis
979 999 1199 1053 schema
1238 1017 1271 1051 a
1309 1000 1445 1051 Rffio
1485 999 1758 1069 Episcopo
1800 1000 2001 1051 Martin
2042 1000 2267 1070 deputa-

42 1085 176 1137 tioni
229 1085 551 1154 proponitur
592 1090 754 1153 atque
796 1085 909 1136 eius
952 1084 1190 1135 examini
1231 1082 1531 1134 subiicitur.
1619 1082 1873 1152 Quinque
1918 1084 2033 1135 eius
2074 1084 2269 1153 capiti-

42 1169 141 1221 bus
195 1175 250 1221 et
298 1168 592 1221 canonibus
645 1167 1101 1236 respondentibus
1154 1168 1333 1237 agitur
1374 1166 1442 1218 de
1482 1167 1756 1218 nonnullis
1797 1168 2067 1237 mysteriis
2108 1168 2265 1220 fidei:

46 1254 91 1303 1.
135 1252 201 1304 de
254 1252 348 1304 SS.
399 1252 694 1317 Trinitate,
744 1253 792 1303 2.
846 1251 913 1303 de
966 1251 1198 1303 hominis
1250 1250 1524 1302 creatione
1579 1255 1631 1301 et
1682 1256 1903 1316 natura,
1963 1254 2012 1303 3.
2056 1252 2123 1303 de
2173 1252 2266 1304 ho-

44 1335 202 1387 minis
257 1336 559 1388 elevatione
615 1340 668 1387 et
721 1335 907 1403 lapsu,
973 1338 1021 1385 4.
1074 1335 1140 1386 de
1195 1334 1452 1403 mysterio
1506 1333 1677 1385 Verbi
1734 1334 2030 1394 incarnati,
2098 1337 2146 1386 5.
2201 1335 2266 1388 de

42 1419 219 1487 gratia
268 1417 706 1488 Redemptoris4.
782 1418 995 1470 Nomen
1053 1418 1287 1470 obtinuit
1336 1417 1749 1469 Constitutionis
1802 1417 2143 1486 dogmaticae
2201 1419 2267 1471 de

43 1503 348 1570 praecipuis
387 1503 657 1572 mysteriis
697 1501 840 1552 fidei.
915 1501 1067 1561 Quae
1109 1501 1435 1553 Constitutio
1478 1501 1840 1552 conciliariter
1879 1519 1987 1552 non
2030 1508 2110 1553 est
2148 1520 2268 1554 san-

44 1585 165 1651 cita,
206 1586 314 1637 imo
354 1603 423 1637 ne
452 1586 728 1655 proposita
758 1584 975 1653 quidem
1007 1585 1433 1654 Congregationi
1462 1584 1723 1653 generali,
1766 1602 1932 1653 quare
1961 1586 2076 1637 eius
2107 1585 2268 1639 histo-

42 1668 175 1720 riam
218 1686 326 1720 non
366 1670 742 1738 persequimur
767 1669 801 1719 ⁵.

188 1751 381 1821 Itaque
422 1752 570 1822 prior
621 1751 909 1805 schematis
962 1752 1028 1804 de
1080 1752 1325 1804 doctrina
1378 1751 1647 1803 catholica
1697 1769 1853 1819 pars,
1906 1769 1999 1803 seu
2050 1754 2271 1806 schema

46 1833 456 1888 Constitutionis
497 1835 834 1904 dogmaticae
874 1836 940 1888 de
982 1835 1086 1887 fide
1116 1836 1399 1901 catholica,
1441 1835 1599 1904 quale
1643 1853 1712 1886 ex
1755 1835 2121 1904 deputationis
2164 1838 2269 1890 dis-

46 1919 442 1988 ceptationibus
482 1920 698 1989 prodiit,
745 1921 887 1971 inter
928 1938 1113 1971 omnes
1152 1920 1344 1972 Patres
1386 1919 1813 1971 distribuebatur
1852 1920 1902 1971 d.
1949 1922 2029 1972 14.
2070 1921 2270 1988 Martii,

47 2002 204 2071 eique
246 2002 546 2055 addebatur
587 2004 748 2055 etiam
788 2004 933 2073 typis
985 2004 1244 2073 impressa
1288 2003 1481 2068 „Ratio
1522 2004 1577 2054 in
1618 2004 1782 2072 priori
1822 2004 2094 2056 schemate
2138 2006 2269 2074 dog-

47 2087 243 2138 matico
287 2087 625 2140 emendando
668 2107 698 2140 a
736 2087 990 2139 Patribus
1032 2087 1302 2156 deputatis
1346 2086 1648 2138 servata“⁶.
1728 2087 1904 2146 Quum
1946 2088 2267 2158 disceptatio

47 2168 113 2221 de
165 2169 437 2222 schemate
492 2171 547 2221 in
598 2170 1038 2239 Congregatione
1093 2170 1338 2239 generali
1393 2171 1687 2238 inciperet,
1749 2170 1915 2222 Rffius
1957 2172 2135 2224 Simor
2174 2192 2269 2226 no-

47 2253 189 2305 mine
229 2253 593 2322 deputationis
633 2255 699 2306 de
740 2273 804 2306 eo
845 2255 1164 2306 relationem
1204 2254 1395 2306 habuit
1420 2254 1454 2306 ⁷.
1514 2255 1666 2314 Quae
1707 2256 1801 2307 illa
1840 2256 2050 2308 ratione
2090 2258 2269 2310 Patri-

46 2336 145 2388 bus
184 2337 383 2389 tradita
434 2344 487 2390 et
525 2339 787 2390 relatione
842 2339 907 2390 ab
949 2339 1377 2408 Archiepiscopo
1421 2339 1780 2407 Strigoniensi
1831 2340 2016 2392 habita
2060 2341 2125 2393 de
2168 2343 2271 2394 sin-

47 2421 188 2489 gulis
238 2420 524 2473 schematis
576 2422 818 2490 partibus
870 2423 1243 2487 continentur,
1297 2439 1360 2473 ea
1410 2422 1552 2473 infra
1603 2422 1933 2489 referemus,
1987 2424 2077 2476 ubi
2127 2426 2269 2494 ipsas

48 2503 289 2572 singulas
330 2503 743 2556 Constitutionis
785 2511 965 2574 partes
1006 2505 1367 2575 explicamus3
1413 2524 1550 2574 quac
1594 2506 1659 2557 de
1701 2506 1975 2558 schemate
2017 2509 2269 2562 universo

45 2586 152 2637 illis
192 2587 565 2651 continentur,
621 2588 689 2639 ad
730 2589 949 2640 schema
990 2589 1371 2640 illustrandum
1412 2589 1513 2640 hoc
1564 2590 1683 2640 loco
1724 2589 1963 2642 breviter
2004 2591 2269 2646 addimus.

190 2669 255 2720 Id
294 2670 555 2738 imprimis
595 2671 873 2740 deputatio
914 2677 1185 2740 spectasse
1228 2672 1440 2737 dicitur,
1482 2679 1540 2724 ut
1581 2673 1865 2741 postulatis
1909 2679 2071 2743 atque
2114 2678 2269 2742 votis,

48 2768 185 2819 quae
226 2752 418 2804 Patres
458 2753 570 2804 sive
611 2772 742 2806 voce
783 2755 837 2806 in
880 2755 1408 2824 Congregationibus
1460 2757 1571 2807 sive
1614 2756 1814 2823 scripto
1855 2767 2269 2826 proposuerant,

46 2840 305 2903 quantum
345 2836 460 2887 fieri
500 2843 697 2904 posset,
740 2839 956 2890 omnino
998 2839 1250 2907 religiose
1292 2856 1497 2890 morem
1538 2844 1773 2906 gereret.
1832 2840 2135 2909 Propterea
2179 2844 2268 2895 de-

45 2919 381 2985 putationem
422 2937 534 2987 reS,
590 2920 656 2972 de
709 2920 901 2989 quibus
941 2922 1089 2991 prius
1130 2923 1347 2974 schema
1388 2923 1614 2990 egisset,
1666 2922 1982 2989 retinuisse,
2039 2925 2267 2978 formam

196 3092 209 3118 ¹
246 3093 323 3139 Ex
360 3094 485 3140 actis
523 3099 617 3142 etc.
688 3094 742 3142 O.
778 3095 839 3143 V.
880 3098 1001 3143 1658
1018 3097 1063 3144 d.
1189 3097 1204 3124 ²
1241 3098 1370 3144 Ibid.

192 3167 207 3195 ³
245 3170 523 3217 Schematis
558 3186 675 3231 pars
713 3173 889 3219 altera.
939 3172 992 3219 O.
1029 3173 1089 3219 V.
1124 3176 1246 3220 1638
1263 3174 1309 3221 b.
1359 3174 1433 3221 Of.
1474 3174 1685 3221 Schema
1722 3173 2114 3223 Constitutionis
2152 3178 2270 3239 dog-

12 3237 261 3292 *maticae
308 3246 368 3292 de
414 3246 509 3294 fide
548 3247 602 3295 O.
638 3248 699 3296 V.
750 3251 806 3294 77
825 3250 869 3295 d.
949 3250 1186 3311 Episcopi
1222 3250 1411 3297 Gasser
1458 3251 1517 3297 de
1571 3251 2010 3298 emendationibus
2061 3255 2269 3300 secundi

48 3320 226 3380 capitis
261 3322 438 3369 relatio
476 3323 529 3370 (J.
566 3323 625 3370 V.
668 3325 816 3371 131b.
844 3340 884 3371 c.

191 3394 210 3421 4
247 3395 320 3444 Cf.
357 3398 555 3445 Relatio
594 3404 688 3447 etc.
760 3399 814 3448 C.
851 3400 911 3446 V.
948 3401 1087 3447 ‘209d
1125 3417 1197 3462 sq.

194 3471 208 3497 5
247 3471 385 3527 Quae
420 3474 470 3521 in
496 3475 806 3522 sessionibus
845 3476 1187 3537 deputationis
1214 3478 1275 3524 de
1301 3478 1394 3524 hac
1421 3478 1584 3525 altera
1609 3480 1752 3538 parte
1787 3493 1875 3524 seu
1903 3479 2267 3527 constitutione

49 3548 306 3609 disputata
353 3555 498 3608 sunt,
546 3567 588 3598 v.
627 3552 704 3598 Ex
752 3553 878 3599 actis
927 3556 1020 3600 etc.
1091 3552 1144 3600 O.
1181 3554 1241 3600 V.
1283 3554 1454 3600 1658d
1492 3569 1599 3614 sqq.
1666 3553 1878 3613 Schema
1921 3569 1951 3600 a
1988 3555 2268 3602 Paderbor-

47 3625 192 3672 nensi
227 3626 538 3687 propositum
575 3643 619 3673 v.
658 3627 710 3674 O.
738 3628 799 3673 V.
833 3630 999 3675 1632d
1028 3645 1135 3690 sqq.
1185 3629 1395 3676 Schema
1432 3630 1530 3676 iam
1567 3630 1820 3690 aliquibus
1857 3630 1906 3676 in
1943 3630 2065 3677 locis
2102 3647 2269 3679 emen-

49 3700 221 3747 datum
259 3716 370 3747 cum
407 3702 539 3748 notis
575 3703 926 3765 theologorum
964 3720 1007 3750 v.
1047 3704 1100 3752 C.
1137 3705 1198 3752 V.
1235 3707 1374 3752 553a
1411 3721 1516 3766 sqq.

193 3775 209 3802 ⁶
245 3777 377 3824 Acta
425 3776 885 3839 Congregationum
933 3781 1263 3840 generalium.
1334 3781 1387 3829 O.
1424 3781 1487 3828 V.
1539 3782 1629 3826 729
1648 3780 1693 3826 d.
1765 3780 1977 3827 Schema
2025 3783 2265 3830 traditum

48 3866 92 3896 v.
131 3850 184 3898 O.
223 3852 282 3898 V.
320 3856 420 3899 693Υ
457 3868 563 3914 sqq.
632 3854 779 3901 Ratio
817 3859 912 3901 etc.
983 3855 1037 3903 C.
1073 3856 1135 3903 V.
1176 3858 1278 3903 783.
1314 3872 1422 3918 sqq.

194 3927 209 3952 '¹
246 3929 375 3975 Acta
412 3934 506 3977 etc.
577 3928 631 3976 O.
667 3930 728 3977 V.
766 3931 920 3977 730d.
990 3931 1186 3978 Relatio
1223 3932 1442 3980 habetui
1480 3932 1532 3980 O.
1570 3931 1632 3978 V.
1669 3931 1774 3977 scd
1812 3946 1918 3992 sqq.

135 4013 323 4044 eranie
363 4015 457 4045 ath.
490 4015 840 4055 omisitt.10‹gamt
