2548 4290
859 209 971 248 Eius
1005 220 1100 261 cap.
1132 207 1212 247 111.
1267 207 1336 247 De
1367 206 1467 246 fide.
2200 204 2267 254 87

200 351 293 419 [5.]
333 351 601 412 Quoniam
641 367 769 402 vero
821 350 937 402 sine
987 349 1093 402 fide
1147 348 1481 418 impossibile
1523 354 1602 399 est
1642 347 1858 417 placere
1900 346 2050 411 De0,
2105 350 2159 398 et
2198 344 2268 397 ad

55 434 285 487 filiorum
336 435 450 487 eius
500 433 828 487 consortium
876 433 1193 502 pervenire3
1247 431 1370 483 ideo
1425 431 1630 482 nemini
1679 448 1915 499 unquam
1968 430 2084 481 sine
2134 427 2267 480 illa1

55 518 278 587 contigit
315 517 639 585 iustificatiO,
680 534 779 569 nec
806 516 966 581 ullus,
1006 515 1110 567 nisi
1148 516 1203 566 in
1244 532 1308 566 ea
1335 514 1771 584 perseveraverit
1809 530 1979 582 usque
2002 514 2058 564 in
2085 513 2267 578 finem,

30 602 216 655 vitam
265 599 548 653 aeternam
596 605 931 669 assequetur.
1007 599 1084 651 Ut
1133 604 1315 650 autem
1367 597 1543 649 officio
1593 614 1777 649 veram
1829 596 1991 648 fidem
2031 597 2266 665 amplec-

53 684 217 749 tendi,
256 685 311 736 in
352 702 523 753 eaque
565 689 876 736 constanter
901 681 1289 752 perseverandi
1317 681 1629 733 satisfacere
1657 698 1953 749 possemuS,
1992 681 2143 733 Deus
2169 698 2266 749 per

51 766 249 819 Filium
303 785 459 819 suum
512 767 855 835 unigenitum
911 766 1212 818 Ecclesiam
1267 764 1499 816 instituit
1519 762 1553 830 ²,
1619 781 1857 833 suaeque
1911 763 2265 815 institutionis

54 849 348 901 manifestis
398 850 538 902 notis
592 850 879 915 instruxit,
932 854 993 901 ut
1044 866 1108 901 ea
1158 854 1435 917 tamquam
1488 853 1665 900 custos
1721 853 1775 898 et
1814 845 2072 914 magistra
2111 845 2264 898 verbi

50 933 274 986 revelati
313 933 380 985 ab
414 933 661 986 omnibus
701 938 882 1001 posset
920 933 1158 1002 agnosci.
1211 931 1300 983 Ad
1327 931 1498 984 solam
1538 931 1682 983 enim
1724 930 2045 982 catholicam
2073 930 2264 982 Eccle-

50 1018 180 1070 siam
220 1035 285 1070 ea
323 1018 598 1087 pertinent
649 1018 856 1082 omnia,
914 1035 1051 1086 quae
1091 1016 1159 1068 ad
1199 1016 1506 1068 evidentem
1562 1015 1689 1067 fidei
1730 1016 2053 1067 christianae
2095 1014 2263 1067 credi-

51 1100 312 1153 bilitatem
352 1106 462 1153 tam
503 1101 673 1153 multa
712 1107 766 1154 et
805 1108 913 1152 tam
954 1101 1091 1152 mira
1131 1100 1388 1152 divinitus
1429 1106 1552 1150 sunt
1593 1099 1867 1168 disposita.
1915 1098 2057 1158 Quin
2099 1098 2262 1149 etiam
2309 1162 2312 1166 Ι

48 1183 292 1236 Ecclesia
343 1203 440 1255 per
494 1202 549 1237 se
601 1185 747 1254 ipsa,
809 1185 876 1237 ob
927 1203 1078 1237 suam
1129 1202 1325 1253 nempe
1378 1183 1753 1236 admirabilem
1794 1183 2261 1253 propagationem,

49 1267 302 1320 eximiam
342 1269 684 1321 sanctitatem
724 1274 777 1321 et
815 1269 1196 1321 inexhaustam
1236 1269 1290 1319 in
1332 1268 1579 1320 omnibus
1621 1268 1776 1320 bonis
1816 1267 2260 1332 foecunditatem,

48 1350 114 1404 ob
153 1351 472 1404 catholicam
512 1353 802 1413 unitatem,
853 1353 1219 1420 invictamque
1259 1352 1638 1415 stabilitatem,
1691 1370 1948 1420 magnum
1989 1350 2259 1420 quoddam

48 1440 101 1486 et
149 1441 471 1504 perpetuum
526 1442 606 1487 est
661 1437 921 1488 motivum
977 1435 1351 1487 credibilitatis
1405 1441 1458 1487 et
1515 1435 1729 1487 divinae
1788 1452 1916 1486 suae
1969 1433 2259 1502 legationis

47 1519 411 1570 testimonium
450 1519 846 1588 irrefragabile.

192 1601 285 1669 [6.]
328 1603 447 1662 Quo
488 1603 573 1669 fit,
632 1610 690 1655 ut
730 1604 847 1673 ipsa
884 1604 1052 1656 veluti
1093 1604 1306 1672 signum
1344 1603 1583 1655 levatum
1625 1603 1679 1653 in
1719 1603 1968 1655 nationes
1994 1602 2057 1666 a),
2099 1606 2153 1653 et
2192 1601 2258 1652 ad

45 1702 100 1738 se
139 1685 347 1752 invitet,
389 1687 478 1756 qui
519 1688 759 1739 nondum
801 1688 1164 1750 crediderunt,
1208 1693 1260 1739 et
1299 1687 1437 1739 filios
1476 1705 1598 1738 suos
1640 1688 1897 1738 certiores
1938 1686 2130 1753 faciat,
2172 1684 2258 1735 fir-

46 1769 279 1822 missimo
319 1771 418 1822 niti
458 1770 810 1823 fundamento
851 1771 1028 1837 fidem,
1071 1790 1230 1840 quam
1271 1771 1592 1840 profitentur
1609 1769 1646 1822 3.
1714 1770 1813 1823 Oui
1854 1770 2071 1839 quidem
2113 1769 2258 1820 testi-

42 2052 249 2111 clarare,
286 2052 421 2113 quod
456 2053 746 2099 nullatenus
785 2069 843 2100 ea
878 2055 976 2101 fuit
1007 2054 1221 2101 intentio
1261 2054 1621 2114 deputationis,
1658 2054 1788 2101 hanc
1820 2055 2169 2115 quaestionem
2197 2055 2257 2103 de

41 2127 404 2177 infallibilitate
441 2128 630 2176 Summi
666 2129 925 2176 Pontificis
974 2130 1077 2176 sive
1126 2131 1315 2177 directe
1364 2132 1467 2177 sive
1502 2131 1747 2178 indirecte
1784 2134 2026 2192 tanger03
2077 2136 2125 2180 et
2161 2132 2256 2179 hoc

40 2204 195 2265 igitur
244 2204 456 2251 verbum
501 2205 771 2252 universale
814 2205 946 2252 idem
998 2206 1105 2252 fere
1158 2206 1433 2266 significat,
1488 2207 1620 2269 quod
1668 2207 1792 2254 illud
1829 2208 2066 2268 verbum,
2121 2209 2255 2270 quod

39 2278 183 2328 Sfiius
201 2280 355 2327 Pater
377 2280 427 2326 in
454 2281 558 2327 suis
582 2280 766 2327 Literis
791 2280 1101 2342 Apostolicis
1127 2283 1373 2342 adhibuit,
1399 2298 1579 2343 nempe
1605 2284 1951 2342 magisterium
1978 2285 2135 2331 totius
2163 2285 2257 2332 Ec-

41 2356 221 2404 clesiae
266 2372 356 2418 per
403 2358 577 2403 orbem
623 2355 927 2418 dispersae“.
963 2386 1023 2391 —
1062 2359 1219 2405 Porro
1267 2360 1443 2406 eodem
1480 2360 1605 2406 Rffio
1645 2359 1893 2421 Episcopo
1940 2365 2256 2421 proponente

37 2432 239 2479 additur
274 2436 549 2495 „tanquam
586 2434 826 2480 divinitus
863 2433 1134 2494 revelata“,
1182 2436 1366 2497 quibus
1403 2437 1601 2483 duabus
1650 2436 1991 2484 additionibus
2029 2437 2078 2483 id
2116 2453 2256 2498 spec-

41 2509 138 2556 tari
175 2509 311 2568 dicit,
354 2525 444 2568 „ne
482 2525 549 2557 sc.
579 2510 866 2556 scholarum
894 2511 1171 2571 opiniones,
1212 2528 1340 2573 quae
1376 2528 1466 2573 per
1503 2513 1699 2559 scholas
1738 2514 2011 2560 catholicas
2049 2515 2255 2562 tradun-

38 2588 148 2643 tur,
200 2586 399 2632 etiamsi
434 2588 635 2646 certae,
672 2587 960 2634 inserantur
997 2588 1259 2635 doctrinae
1295 2587 1457 2636 fidei“.
1532 2588 1840 2649 „Secundo“,
1879 2591 2075 2651 inquit,
2131 2592 2254 2651 „hac

39 2660 412 2708 modificatione
449 2665 611 2708 totum
649 2663 901 2710 obiectum
939 2664 1202 2710 materiale
1235 2664 1351 2711 fidei
1389 2665 1587 2711 divinae
1623 2666 1847 2726 pressius
1886 2667 2254 2714 determinatur

38 2741 191 2799 atque
228 2739 486 2785 erroribus
521 2738 763 2799 temporis
801 2739 999 2785 obviam
1035 2738 1182 2786 itur.“
1254 2738 1478 2798 (Relatio
1518 2746 1611 2788 etc.
1673 2742 1727 2789 O.
1765 2742 1825 2789 V.
1867 2745 2002 2791 1761)
2041 2742 2170 2806 sqq.)

185 2813 199 2840 ¹
237 2813 422 2874 Agitur
458 2814 519 2861 de
553 2814 677 2873 fide,
714 2818 772 2862 ut
809 2819 885 2861 est
920 2817 1086 2870 virtue,
1133 2832 1262 2877 quae
1298 2817 1348 2864 in
1385 2818 1635 2878 baptismo
1675 2819 1826 2865 etiam
1864 2818 2144 2867 infantibus
2180 2822 2252 2867 in-

35 2889 292 2949 funditur3
346 2889 478 2951 quod
516 2889 742 2937 declarat
777 2891 1233 2951 Pmlerbornensis,
1271 2897 1327 2939 ut
1364 2898 1562 2953 pateat,
1616 2910 1705 2940 cur
1742 2894 1804 2940 ad
1839 2895 1995 2942 verba
2036 2897 2250 2955 „nemini

36 2962 289 3025 unquam“
326 2980 428 3011 non
464 2966 752 3013 addendum
800 2968 864 3013 sit
904 2983 1134 3028 „eorum,
1184 2969 1269 3030 qui
1316 2970 1380 3016 ad
1416 2985 1564 3016 usum
1599 2971 1811 3017 rationis
1858 2971 2250 3031 pervenerunt“.

34 3040 252 3100 (Relatio
290 3044 383 3088 etc.
454 3040 507 3088 O.
544 3041 606 3090 V.
648 3040 814 3100 1780.)

176 3116 193 3143 ²
228 3116 343 3163 Non
395 3118 740 3164 excluduntur
791 3118 876 3164 alii
926 3118 1185 3166 Ecclesiae
1235 3120 1376 3168 fines.
1447 3121 1595 3179 (Ibid.
1654 3125 1740 3168 179
1761 3139 1804 3169 a.
1877 3122 1952 3171 Cf.
2002 3125 2250 3172 Emenda-

34 3191 199 3239 tiones
235 3196 330 3239 etc.
400 3191 454 3239 O.
492 3193 553 3240 V.
595 3195 685 3239 160
701 3192 767 3250 d.)

10 3292 14 3295 -
177 3268 192 3294 ³
229 3268 473 3328 Ecclesia,
511 3274 567 3316 ut
604 3270 851 3317 adnotant
888 3272 1110 3332 theologi
1137 3273 1199 3319 ad
1227 3274 1431 3320 schema
1456 3275 1516 3322 de
1544 3275 1774 3322 doctrina
1812 3278 2066 3324 catholica
2091 3277 2246 3335 (G.V.

34 3345 125 3391 533
142 3360 186 3391 a.
210 3342 282 3402 b),
323 3344 584 3405 „fidelibus
621 3346 770 3392 etiam
809 3347 938 3394 citra
972 3349 1157 3395 arduas
1185 3354 1234 3396 et
1260 3351 1560 3397 scientificas
1595 3352 1950 3414 inquisitiones
1977 3359 2053 3401 est
2089 3355 2249 3401 muni-

30 3421 256 3466 mentum
279 3418 635 3480 firmissimum,
664 3425 722 3469 ut
745 3427 983 3469 maneant
1007 3424 1058 3470 in
1086 3440 1160 3484 eo,
1189 3427 1322 3486 quod
1348 3427 1622 3474 audierunt
1656 3429 1716 3475 ab
1745 3429 1890 3475 initio
1919 3429 1979 3488 (Ι.
2006 3430 2148 3477 Ioan.
2178 3429 2243 3488 2).

32 3491 270 3548 Quamvis
321 3495 451 3542 enim
500 3496 675 3544 fideles
722 3497 953 3545 rudiores
1005 3501 1196 3547 motiva
1242 3502 1408 3548 omnia
1455 3503 1809 3551 credibilitatis
1856 3505 2094 3552 distincte
2145 3522 2245 3554 non

29 3570 263 3616 noverint
298 3585 391 3616 nec
426 3571 522 3631 ipsi
559 3588 617 3619 ea
652 3573 855 3621 valeant
892 3575 1174 3636 explicare3
1214 3583 1469 3626 noverunt
1506 3586 1672 3626 tamen
1709 3581 1857 3627 modo
1893 3581 2015 3642 ipsis
2051 3597 2245 3630 accom-

27 3644 230 3690 modato
268 3659 453 3706 unam,
505 3652 764 3707 sanctam,
818 3650 1117 3696 catholicam
1157 3655 1206 3698 et
1242 3654 1569 3713 apostolicam
1608 3655 1912 3715 Ecclesiam,
1965 3661 2015 3703 et
2062 3658 2111 3703 in
2148 3658 2242 3705 hac

29 3731 226 3778 semper
262 3720 333 3766 eis
380 3721 441 3767 ob
490 3722 663 3769 oculos
699 3728 932 3770 versatur
967 3726 1406 3789 incommutabile,
1460 3731 1607 3791 plene
1657 3730 1911 3778 sufficiens
1960 3736 2009 3778 et
2047 3737 2242 3781 certum

28 3793 379 3841 credibilitatis
414 3798 675 3857 motivum,
714 3814 802 3845 seu
837 3800 1007 3860 potius
1042 3802 1343 3849 motivorum
1371 3805 1680 3867 complexus,
1718 3811 1773 3852 ut
1809 3821 1910 3853 non
1946 3808 2059 3868 iam,
2098 3810 2243 3870 quasi

28 3866 144 3925 ,cito
182 3869 415 3929 credant,
463 3872 598 3919 leves
635 3874 735 3920 sint
771 3874 941 3921 corde‘
979 3875 1189 3933 (Eccles.
1232 3881 1304 3938 19,
1344 3879 1422 3938 4),
1477 3881 1563 3927 sed
1586 3882 1932 3941 fundamentis
1965 3885 2241 3932 innitantur

27 3940 313 3992 firmissimis
348 3946 414 3991 ad
447 3947 637 4005 plenam
685 3949 1018 3997 credibilitatis
1062 3955 1422 4015 certitudinem,
1464 3959 1644 4017 parati
1673 3974 1871 4019 semper,
1907 3968 2137 4021 qnantum
2174 3963 2242 4009 acl
