2548 4290
188 151 260 203 38
385 152 499 193 Pars
531 150 565 191 Ι.
626 148 780 192 Const.
816 148 870 189 de
903 147 1004 188 fide.
1071 145 1181 201 Cap.
1214 146 1273 187 II.
1333 144 1749 187 Commentationes
1784 144 1839 186 de
1870 144 2106 198 aliquibus
2132 144 2262 185 locis.

335 298 523 368 Atque
565 297 699 349 haec
742 295 808 347 de
851 293 1334 346 traditionalismo.
1414 289 1742 344 Videndum
1782 291 1892 343 iam
1935 294 2044 356 est,
2097 306 2230 341 num
2282 289 2466 342 omolo-

181 385 386 454 yismus
426 400 489 435 eo
533 379 958 434 Constitutionis
1000 379 1199 449 capite,
1243 375 1392 448 quod
1433 375 1799 447 explicamus,
1842 374 2262 429 condemnetur.
2323 373 2466 445 Ipsis

190 467 523 522 definitionis
563 465 747 519 verbis
789 469 1020 532 constat,
1065 481 1190 516 eum
1233 463 1431 515 saltem
1471 461 1676 514 directe
1719 479 1831 514 non
1870 459 2246 514 condemnari.
2304 459 2468 512 Iuvat

190 558 378 606 tamen
416 553 519 605 hoc
559 551 683 604 1060
725 556 935 615 notare,
979 548 1111 620 quid
1155 548 1222 601 de
1261 548 1357 600 illo
1400 551 1704 618 systemate
1748 553 1933 599 actum
1975 546 2061 599 sit.

334 637 530 691 Voluit
568 655 710 689 unus
753 654 782 690 e
809 635 1071 689 Patribus
1101 634 1477 706 deputationis
1518 633 1585 685 de
1625 632 1752 702 fide,
1793 633 1851 685 in
1890 633 2071 702 capite
2114 631 2239 699 dici,
2281 630 2465 684 Deum

186 723 416 776 rationis
456 721 695 775 naturali
737 721 965 787 lumine,
1012 738 1155 788 „non
1197 724 1384 772 tamen
1427 718 1638 771 directa
1680 717 1948 785 visione“,
1992 735 2021 771 e
2063 718 2228 771 rebus
2271 716 2468 770 creatis

188 813 336 862 certo
380 808 637 878 cognosci
678 805 890 876 posse1.
956 805 1025 858 Id
1065 810 1354 875 receptum
1394 822 1506 857 non
1549 809 1648 857 est.
1713 803 1779 856 In
1809 803 2258 875 Congregatione
2299 819 2468 873 gene-

187 895 291 948 rali
331 894 612 964 proposita
653 897 734 945 est
772 892 914 945 haec
955 890 1221 944 formula:
1280 890 1534 942 Ecclesia
1574 889 1766 955 docet,
1821 888 2034 957 Deum,
2081 889 2245 957 „licet
2284 888 2461 941 lucem

191 978 468 1031 inhabitet
509 976 964 1042 inaccessibilem,
1008 993 1247 1046 eumque
1278 975 1462 1028 nullus
1503 975 1789 1027 hominum
1819 992 2065 1045 unquam
2107 974 2327 1041 viderit,
2371 973 2463 1026 sed

188 1081 292 1117 nec
320 1063 509 1116 videre
540 1062 725 1133 possit,
768 1080 878 1115 non
907 1062 1085 1114 solum
1116 1061 1256 1113 facie
1300 1060 1370 1113 ad
1398 1060 1615 1125 faciem,
1659 1059 1806 1131 quod
1847 1059 1976 1113 solis
2005 1060 2059 1112 in
2103 1060 2258 1112 coelo
2292 1058 2466 1111 beatis

189 1166 512 1202 concessum
553 1153 663 1215 est,
717 1147 816 1200 sed
856 1164 957 1201 nec
999 1147 1236 1217 simplici
1278 1147 1478 1200 mentis
1521 1152 1742 1199 nostrae
1784 1146 2006 1214 intuitu,
2051 1144 2181 1198 dum
2222 1144 2467 1216 peregri-

188 1252 385 1287 namur
424 1234 482 1286 in
516 1251 763 1303 corpore,
808 1233 1137 1286 naturaliter
1177 1232 1356 1286 videri
1399 1237 1453 1285 et
1495 1231 1863 1302 contemplari
1904 1231 2098 1284 liceat:
2141 1235 2328 1284 tamen
2369 1247 2468 1301 per

189 1319 476 1392 speculum
519 1325 573 1372 et
613 1320 670 1371 in
699 1319 1032 1390 aenigmate,
1074 1319 1317 1372 naturali
1359 1336 1432 1371 sc.
1466 1318 1676 1371 lumine
1718 1317 1946 1370 rationis
1988 1333 2086 1388 per
2127 1334 2214 1370 res
2256 1320 2469 1370 creatas

188 1405 362 1459 veluti
404 1423 501 1476 per
530 1404 735 1475 gradus
765 1403 835 1457 ad
863 1404 1019 1457 illum
1049 1404 1420 1470 ascendendo,
1464 1404 1581 1457 eius
1612 1404 1998 1456 exsistentiam
2026 1402 2467 1474 praecipuasque

189 1491 336 1543 illius
377 1489 750 1561 perfectiones
792 1494 943 1543 certo
985 1491 1242 1561 cognosci
1285 1508 1444 1560 posse
1488 1489 1625 1543 etc.“
1651 1488 1671 1520 2
1727 1489 1910 1551 Quum
1953 1489 2371 1542 emendationes
2412 1488 2469 1539 in

191 1576 638 1647 Congregatione
682 1576 931 1645 generali
959 1577 1277 1647 propositae
1319 1595 1351 1628 a
1386 1576 1665 1646 deputatis
1696 1575 1954 1629 Patribus
1997 1575 2471 1642 examinarentur,

191 1680 332 1714 unus
375 1679 566 1714 eorum
610 1660 974 1728 desideravit,
1018 1666 1078 1713 ut
1119 1661 1371 1714 doctrina
1411 1661 1781 1731 ontologismo
1827 1661 2110 1732 opposita,
2152 1661 2349 1713 saltem
2389 1659 2469 1711 in-

192 1746 419 1812 directe,
462 1751 990 1799 commemoraretur
1015 1744 1051 1798 3.
1132 1746 1199 1798 Id
1240 1747 1510 1800 reiectum
1554 1752 1652 1813 est,
1696 1752 1751 1799 et
1791 1746 2159 1813 Brixinensis,
2203 1763 2373 1816 quum
2413 1745 2469 1797 in

194 1832 643 1902 Congregatione
694 1831 761 1884 de
816 1832 1297 1885 emendationibus
1340 1833 1569 1885 Patrum
1622 1832 1847 1885 nomine
1903 1831 2277 1903 deputationis
2330 1830 2471 1884 rela-

191 1918 398 1971 tionem
428 1917 677 1983 haberet,
708 1922 763 1969 et
792 1917 861 1970 ad
889 1918 1058 1985 illam,
1091 1936 1255 1988 quam
1284 1919 1588 1985 attulimus,
1626 1917 2076 1972 emendationem
2104 1917 2470 1989 pervenisset,

197 2003 388 2071 „Haec
415 2003 785 2069 emendatio“,
827 2003 1022 2073 inquit,
1069 2022 1213 2071 ⁷,non
1243 2009 1426 2075 potest
1455 2003 1672 2056 admitti
1702 2022 1774 2057 ex
1803 2004 2065 2075 opinione
2096 2002 2472 2075 deputationis

191 2088 352 2156 fidei,
411 2092 465 2140 et
522 2087 745 2158 quidem
797 2088 907 2140 iam
950 2106 1020 2141 ex
1075 2106 1141 2142 ea
1182 2089 1403 2142 formali
1443 2089 1688 2156 ratione,
1744 2090 1873 2159 quia
1924 2089 2315 2159 gravissimum
2368 2088 2472 2141 hoc

192 2179 435 2245 systema
477 2174 830 2243 ontologismi
871 2193 981 2227 non
1022 2181 1205 2246 potest
1246 2176 1402 2246 quasi
1442 2175 1860 2228 accidentaliter
1902 2181 1956 2229 et
1997 2174 2308 2228 incidenter
2349 2192 2473 2245 per-

193 2259 443 2326 tractari3
502 2258 599 2312 sed
639 2277 738 2329 pro
781 2260 1054 2329 gravitate
1097 2261 1363 2314 materiae
1418 2260 1585 2313 debet
1627 2260 1876 2314 Concilio
1920 2260 2156 2332 proponi
2209 2265 2263 2313 et
2306 2258 2474 2312 debet

196 2344 400 2398 deinde
444 2345 817 2397 conciliariter
859 2346 1101 2399 tractari.
1171 2346 1310 2399 Inde
1354 2346 1642 2418 deputatio
1684 2347 1813 2399 fidei
1856 2351 2105 2418 exoptat,
2148 2344 2295 2417 quod
2336 2346 2473 2399 haec

196 2430 512 2483 emendatio
554 2429 643 2481 hic
683 2430 789 2482 loci
830 2448 940 2482 non
980 2430 1350 2502 approbetur3
1406 2431 1504 2484 sed
1545 2432 1708 2484 simul
1751 2433 1919 2485 etiam
1973 2432 2132 2499 dicit,
2188 2431 2335 2503 quod
2378 2448 2473 2483 ex-

194 2515 325 2569 inde
367 2515 580 2567 nullum
623 2514 1027 2585 praeiudicium
1069 2516 1271 2569 debeat
1313 2518 1497 2569 enasci
1542 2517 1723 2587 quoad
1765 2519 1946 2588 ipsum
1988 2523 2231 2589 systema
2261 2517 2475 2569 ontolo-

194 2601 373 2671 gismi,
415 2599 513 2653 sed
554 2600 701 2669 quod
730 2618 817 2653 res
846 2607 1069 2653 maneat
1098 2602 1153 2653 in
1185 2602 1415 2672 pristino
1453 2620 1550 2656 suo
1581 2604 1777 2655 statu.“
1802 2603 1823 2635 4
1874 2604 2017 2656 Fere
2058 2602 2206 2655 idem
2248 2620 2474 2673 respon-

199 2804 348 2852 cuius
388 2807 499 2852 erat
537 2804 795 2867 quoddam
835 2804 984 2867 quasi
1032 2804 1483 2867 complementum.
1556 2805 1745 2869 Itaque
1782 2810 1936 2868 puto,
1987 2804 2474 2854 semirationalistas

197 2898 350 2930 suum
387 2886 614 2944 systema
651 2882 724 2930 ita
761 2882 1002 2930 evolvere
1040 2897 1218 2944 posse,
1268 2886 1326 2930 ut
1362 2899 1391 2930 a
1429 2883 1686 2931 Vaticano
1726 2883 1957 2932 Concilio
1998 2883 2325 2932 condemnati
2362 2898 2475 2931 esse

198 2959 298 3008 dici
333 2963 613 3022 nequeant.

347 3037 362 3063 ¹
400 3037 480 3085 Ex
517 3038 646 3085 actis
685 3041 781 3085 etc.
843 3036 896 3085 C.
935 3037 997 3084 V.
1042 3039 1166 3085 1652
1183 3054 1223 3085 c.
1405 3038 1420 3065 ²
1461 3038 1862 3088 Emendationes
1901 3044 1997 3088 etc.
2048 3038 2103 3088 C.
2141 3038 2204 3087 V.
2247 3040 2339 3087 120
2356 3056 2396 3087 c.
2426 3039 2473 3087 d.

350 3113 364 3141 ³
403 3115 483 3162 Ex
520 3116 649 3163 actis
690 3119 786 3163 etc.
860 3114 914 3163 C.
951 3115 1014 3163 V.
1056 3117 1243 3165 16723.
1269 3117 1317 3165 b.

347 3191 366 3218 4
402 3192 604 3240 Relatio
643 3196 740 3240 etc.
803 3192 858 3241 C.
894 3193 957 3239 V.
1001 3195 1091 3240 128
1110 3194 1156 3241 (1.
1197 3221 1255 3226 -—
1294 3194 1419 3244 Post
1446 3195 1752 3257 Sessionem,
1791 3196 1843 3243 in
1881 3210 1984 3258 qua
2019 3194 2197 3244 habita
2234 3199 2310 3242 est
2348 3194 2474 3242 haec

198 3271 400 3332 relatio,
441 3270 541 3318 duo
579 3270 779 3332 PatreS,
826 3270 1026 3333 Xystus
1065 3271 1353 3320 Cardinalis
1390 3273 1566 3320 Riario
1594 3272 1786 3334 Sforza,
1823 3273 2067 3335 Archiep.
2104 3272 2384 3335 Neapolit.,
2425 3276 2475 3319 et

198 3349 429 3397 Ioachim
477 3347 766 3397 Cardinalis
814 3349 992 3411 Pecci,
1042 3350 1329 3414 Episcopus
1377 3351 1660 3400 Perusinus
1710 3352 1913 3414 (postea
1958 3352 2064 3399 Leo
2101 3351 2245 3413 Papa
2280 3350 2476 3413 XIII),

198 3426 521 3489 postulatum
551 3426 781 3475 Concilio
819 3427 1166 3488 tradiderunt,
1207 3444 1324 3490 quo,
1362 3434 1420 3477 ut
1457 3434 1599 3478 certa
1637 3430 1889 3493 quaedam
1917 3429 2246 3491 ontologismi
2281 3429 2476 3491 species

199 3504 651 3565 condemnaretur,
691 3504 952 3566 petebant.
1012 3504 1137 3552 Eius
1176 3507 1444 3554 exordium
1483 3508 1580 3555 1106
1619 3511 1722 3555 est:
1763 3507 1854 3568 „In
1893 3523 1955 3555 ea
1992 3506 2247 3567 Sessione‚
2284 3507 2336 3554 in
2374 3521 2477 3569 qua

200 3596 368 3629 sermo
394 3581 605 3630 habitus
633 3585 711 3629 est
738 3582 799 3629 de
825 3582 1158 3643 ontoloyismO,
1183 3583 1667 3632 Excellentissimus
1693 3588 1744 3632 et
1769 3584 2248 3632 Reverendissimus
2267 3583 2477 3645 Gasser,

199 3657 485 3720 Episcopus
511 3658 849 3719 Brixinensis,
887 3660 1093 3707 nomine
1121 3659 1551 3723 Congregationis
1578 3662 1733 3709 rebus
1758 3661 1876 3709 fidei
1902 3662 2228 3725 praepositae
2254 3661 2478 3709 affirma-

198 3736 306 3796 bat,
345 3736 701 3798 quaestionem
738 3736 876 3784 illam
915 3751 1019 3784 non
1045 3753 1157 3785 esse
1196 3753 1254 3785 eo
1282 3739 1396 3787 loco
1422 3739 1606 3788 leviter
1642 3744 1693 3788 et
1721 3740 2072 3802 perfunctorie
2098 3740 2474 3803 attingendam,

201 3812 292 3861 sed
318 3812 441 3860 alibi
466 3814 810 3876 opportunius
838 3813 900 3861 de
928 3830 988 3861 ea
1013 3815 1287 3877 agendum,
1318 3820 1374 3864 ut
1401 3820 1511 3865 tota
1536 3832 1620 3864 res
1645 3818 1830 3864 melius
1857 3821 1907 3865 et
1933 3818 2136 3879 plenius
2157 3816 2477 3866 definiretur.

356 3889 517 3950 „Huic
551 3890 890 3939 declarationi
915 3892 1247 3940 inhaerentes
1273 3894 1593 3956 infrascripti
1621 3893 1923 3943 Cardinales
1960 3895 2220 3958 Episcopi,
2258 3910 2323 3943 ne
2357 3909 2478 3942 con-

204 3965 462 4015 troversia
499 3967 649 4014 nimis
686 3967 791 4015 late
827 3971 1037 4030 pateat,
1091 3969 1433 4018 damnandam
1473 3975 1771 4034 proponunt
1818 3972 1957 4020 illam
2009 3972 2282 4020 dumtaxat
2330 3975 2477 4019 onto-
