2548 4290
194 178 227 228 4
1152 172 1496 225 Prolegomena.

189 323 557 388 iubebantur,
614 321 758 372 intra
799 320 946 390 quod
988 319 1497 373 animadversiones
1548 317 1925 370 scriberentur
1977 333 2040 369 ac
2098 315 2465 371 traderentur.

194 408 342 463 Ordo
399 406 940 461 animadversionum
991 407 1036 459 is
1088 404 1392 459 servandus
1446 407 1591 471 erat,
1650 407 1712 455 ut
1768 402 1919 473 prius
1973 401 2069 453 illa
2121 402 2467 470 afferrentur,

191 512 329 564 quae
370 498 546 547 totum
598 492 821 545 schema
861 509 955 544 seu
1009 496 1183 544 totam
1224 488 1522 543 schematis
1577 493 1793 559 partem
1835 488 2179 559 propositam
2230 487 2466 557 respice-

188 583 337 645 rent,
379 576 579 630 deinde
622 576 814 630 ordine
857 576 1151 629 schematis
1192 580 1409 628 servato
1454 591 1535 640 ea,
1582 591 1724 643 quae
1767 573 1837 626 ad
1879 572 2126 643 singulas
2166 573 2467 626 sententias

187 667 519 734 spectarent.
575 662 899 735 Quicunque
940 662 1112 715 verba
1152 661 1241 713 vel
1281 659 1660 730 paragraphos
1702 658 1998 711 schematis
2039 658 2308 730 propositi
2351 676 2467 711 mu-

185 748 292 801 tari
331 748 572 815 volebat,
619 766 817 802 novam
860 747 1156 801 verborum
1197 745 1287 798 vel
1329 743 1808 815 paragraphorum
1851 743 2146 796 formulam
2188 744 2242 796 in
2283 743 2464 795 locum

187 833 382 903 prioris
408 833 850 887 substituendam
879 834 996 905 ipse
1027 830 1269 885 debebat
1298 831 1514 883 afferre.
1560 829 2095 883 Animadversiones
2123 830 2225 883 hac
2249 830 2465 882 ratione

187 923 448 972 exaratae
493 924 546 972 et
587 919 654 971 ab
696 920 788 986 iis,
843 919 934 990 qui
977 937 1069 971 eas
1110 917 1529 988 proponebant,
1573 916 1919 987 subscriptae
1977 915 2278 969 secretario
2322 914 2465 968 Con-

186 1005 296 1057 cilii
345 1004 648 1058 tradendae
706 1011 890 1072 erant,
952 1004 1045 1075 qui
1098 1021 1190 1056 eas
1242 1003 1313 1056 ad
1364 1002 1517 1055 illam
1573 1002 1992 1073 deputationem
2044 1002 2465 1069 transmitteret,

185 1090 254 1142 ad
295 1107 459 1160 quam
500 1108 597 1159 pro
639 1109 851 1157 rerum,
897 1089 963 1143 de
1005 1088 1203 1160 quibus
1246 1088 1545 1158 agebatur,
1600 1106 1806 1158 genere
1849 1087 2194 1159 spectabant.
2273 1086 2462 1157 Depu-

185 1175 318 1227 tatio
361 1174 759 1228 deliberatione
804 1176 871 1228 de
912 1174 1486 1228 animadversionibus
1527 1173 1719 1226 habita
1761 1173 1984 1226 schema
2024 1171 2331 1225 secundum
2372 1189 2466 1224 eas

183 1258 539 1311 reformatum
583 1277 705 1312 cum
748 1260 1017 1313 relatione
1062 1260 1129 1312 de
1159 1259 1456 1331 propositis
1485 1258 2060 1312 animadversionibus
2089 1258 2235 1310 inter
2264 1256 2464 1309 Patres

184 1342 512 1397 distribuere
554 1344 876 1413 iubebatur,
934 1350 995 1398 ut
1043 1336 1248 1398 statuto
1293 1363 1324 1397 a
1364 1344 1725 1397 Praesidibus
1778 1344 1866 1398 die
1909 1345 1965 1397 in
2009 1342 2462 1414 Congregatione

182 1429 428 1498 generali
472 1428 733 1484 discussio
775 1431 1067 1484 schematis
1108 1432 1217 1484 iam
1258 1431 1545 1501 inciperet.
1624 1430 1708 1484 Ea
1748 1430 2006 1483 habenda
2063 1434 2180 1483 erat
2222 1429 2458 1499 primum

181 1515 491 1583 generatim
544 1515 611 1568 de
653 1517 932 1570 schemate
984 1517 1202 1587 integro
1257 1517 1345 1569 vel
1387 1516 1595 1583 diviso,
1652 1521 1817 1586 prout
1861 1514 2250 1570 Cardinalibus
2290 1514 2461 1566 Prae-

182 1597 388 1650 sidibus
439 1599 613 1652 visum
657 1600 853 1669 fuerit,
910 1602 1271 1673 generalique
1314 1601 1594 1668 absoluta,
1651 1602 1719 1655 de
1772 1619 2107 1672 unaquaque
2162 1597 2462 1653 schematis

181 1690 354 1755 parte,
390 1686 465 1739 ita
494 1688 733 1757 quidem,
775 1694 835 1741 ut
865 1694 1127 1757 oratores,
1159 1689 1250 1760 qui
1279 1688 1575 1741 schematis
1604 1688 1896 1760 periodum
1927 1688 2016 1741 vel
2045 1684 2458 1758 paragraphum

180 1771 380 1823 mutari
421 1772 659 1840 vellent,
712 1775 815 1844 ipsi
866 1774 1157 1829 formulam
1212 1792 1244 1827 a
1297 1793 1353 1828 se
1397 1774 1685 1845 probatam
1741 1775 1797 1827 in
1850 1774 2033 1827 locum
2085 1772 2283 1842 prioris
2334 1768 2460 1822 sub-

180 1856 501 1925 stituerent,
557 1877 696 1930 quae
738 1860 975 1913 formula
1029 1868 1151 1931 post
1205 1861 1451 1914 habitam
1503 1862 1809 1915 orationem
1852 1861 2057 1932 scripto
2100 1855 2459 1912 Praesidibus

178 1941 449 1996 tradenda
490 1950 623 1997 erat.
680 1945 786 2007 Qui
821 1947 889 1999 de
923 1947 1223 2000 reformato
1253 1947 1533 2000 schemate
1564 1947 1714 2018 loqui
1754 1946 2036 2015 volebant,
2077 1945 2151 2011 hi,
2194 1960 2363 2014 quum
2403 1940 2460 1994 id

179 2028 536 2083 Praesidibus
565 2031 968 2101 significabant,
1011 2033 1259 2086 indicare
1288 2034 1451 2086 simul
1495 2033 1791 2098 debebant,
1834 2037 2019 2085 utrum
2062 2031 2130 2084 de
2159 2035 2275 2083 toto
2305 2027 2458 2081 sche-

180 2119 324 2167 mate
366 2118 690 2186 generatim,
734 2137 802 2171 an
846 2119 913 2172 de
957 2120 1074 2173 eius
1116 2120 1363 2190 partibus
1405 2120 1460 2171 in
1501 2122 1682 2191 specie
1725 2119 1902 2172 acturi
1944 2122 2145 2184 essent,
2189 2123 2259 2183 et,
2302 2115 2347 2167 si
2390 2113 2457 2166 de

178 2200 450 2269 partibus,
506 2202 572 2255 de
627 2203 823 2273 quibus
876 2211 1057 2257 essent
1111 2205 1303 2260 acturi.
1383 2204 1629 2275 Singulis
1672 2204 1932 2257 Patribus
1975 2200 2372 2274 deputationiS,
2427 2217 2458 2252 a

180 2304 287 2356 qua
328 2288 549 2341 schema
588 2289 948 2344 reformatum
979 2297 1114 2360 erat,
1158 2292 1455 2363 impetrata
1495 2311 1526 2345 a
1555 2292 1914 2345 Praesidibus
1955 2290 2134 2358 venia,
2177 2294 2454 2343 oratorum

180 2370 597 2427 difficultatibus
651 2382 704 2428 et
757 2376 1332 2430 animadversionibus
1387 2377 1726 2448 respondere
1783 2376 2020 2444 licebat,
2077 2377 2154 2428 ita
2209 2379 2270 2426 ut
2322 2373 2458 2444 ipsis

178 2455 414 2509 liberum
444 2464 603 2527 esset,
646 2461 735 2514 vel
762 2462 946 2514 statim
975 2468 1099 2532 post
1129 2467 1422 2529 oratorem,
1454 2463 1541 2515 cui
1568 2460 1906 2533 respondere
1935 2460 2216 2528 volebant⁷
2254 2459 2455 2525 dicere,

178 2542 266 2594 vel
309 2544 558 2613 pluribus
599 2546 760 2598 simul
802 2548 1113 2601 oratoribus
1157 2547 1224 2601 de
1267 2547 1462 2601 eadem
1504 2565 1563 2600 re
1620 2547 2056 2618 disceptantibus
2098 2543 2455 2616 respondere,

177 2628 343 2698 idque
384 2631 472 2684 vel
513 2631 708 2685 eodem
736 2633 824 2686 vel
852 2634 959 2687 alio
996 2634 1101 2688 die.
1160 2634 1217 2688 Si
1248 2636 1368 2705 quis
1399 2652 1470 2687 ex
1512 2633 1823 2688 oratoribus
1853 2653 1884 2687 a
1916 2651 1974 2686 re
2004 2632 2289 2703 proposita
2330 2647 2456 2683 eva-

179 2713 430 2783 gabatur,
473 2716 799 2770 Praesidum
840 2725 974 2787 erat,
1019 2738 1145 2774 eum
1185 2720 1254 2773 ad
1286 2720 1685 2791 quaestionem,
1728 2720 1795 2773 de
1836 2737 1943 2790 qua
1971 2718 2258 2789 agebatur,
2299 2733 2458 2769 revo-

180 2815 321 2853 care.
402 2801 459 2854 Si
512 2803 909 2857 discussionum
966 2806 1162 2874 serieS,
1220 2825 1278 2859 re
1333 2806 1618 2877 proposita
1669 2806 1776 2859 iam
1830 2805 1960 2858 satis
2014 2822 2273 2871 excussa,
2332 2801 2457 2873 plus

179 2901 352 2955 aequo
395 2889 837 2957 protrahebatur,
881 2889 1205 2944 Cardinales
1235 2891 1548 2959 PraesideS,
1590 2891 1961 2962 postulatione
2005 2909 2035 2942 a
2064 2890 2256 2943 decem
2298 2887 2457 2940 mini-

180 2987 328 3022 mum
367 2970 627 3025 Patribus
668 2975 870 3045 scripto
915 2976 1181 3044 exhibita,
1227 2976 1734 3047 Congregationem
1777 2975 2098 3047 generalem
2138 2973 2455 3045 percontari

179 3059 464 3124 poterant,
521 3076 653 3110 num
694 3060 864 3113 vellet
905 3061 1367 3133 disceptationem
1422 3063 1627 3116 diutius
1670 3061 2009 3128 continuari,
2068 3065 2123 3113 et
2165 3057 2456 3129 exquisitis

178 3157 277 3210 per
307 3146 489 3194 actum
516 3145 839 3214 assurgendi
868 3146 956 3199 vel
984 3148 1213 3201 sedendi
1243 3148 1537 3220 suffragiis,
1579 3149 1702 3201 finis
1730 3146 2055 3201 discussioni
2083 3143 2454 3216 imponendus

180 3230 314 3293 erat,
357 3226 400 3278 si
441 3227 497 3278 id
537 3229 731 3282 maiori
771 3230 1001 3285 Patrum
1044 3235 1418 3304 praesentium
1462 3253 1692 3288 numero
1735 3233 2046 3286 videbatur.

328 3313 602 3369 Conclusa
627 3318 796 3387 igitur
838 3320 904 3373 de
947 3322 1133 3392 aliqua
1173 3323 1469 3376 schematis
1499 3329 1658 3394 parte
1688 3322 2110 3394 disceptatione,
2153 3325 2451 3390 antequam

179 3397 249 3450 ad
274 3399 438 3452 aliam
466 3400 623 3454 fieret
650 3405 927 3474 transituS,
958 3407 1188 3460 Patrum
1217 3409 1485 3479 suffragia
1515 3408 1863 3480 exquirenda
1898 3413 2072 3474 erant,
2115 3407 2356 3478 primum
2385 3405 2453 3458 de

179 3483 409 3553 singulis
451 3487 929 3543 emendationibus
971 3494 1264 3563 propositis
1298 3493 1342 3561 ¹,
1400 3494 1601 3547 deinde
1657 3495 1723 3548 de
1764 3494 1984 3564 integro
2026 3493 2198 3563 partis
2242 3491 2450 3544 exami-

331 3684 344 3711 ¹
383 3685 510 3734 Illae
548 3688 681 3749 typis
718 3688 999 3751 impressae
1039 3707 1150 3738 cun]
1193 3693 1429 3742 omnibus
1467 3693 1712 3742 Patribus
1752 3693 2282 3742 communicabantur.
2352 3691 2452 3739 De·

179 3764 408 3825 putatio,
447 3765 512 3812 ad
549 3781 701 3828 quam
740 3768 946 3816 schema
984 3771 1253 3832 spectabat
1291 3771 1411 3831 (Lit.
1449 3772 1633 3834 Apost.
1676 3771 2020 3834 „Multiplices
2058 3768 2221 3819 intcr“
2264 3769 2288 3829 ξ
2327 3769 2449 3818 VII.

181 3838 257 3888 Of.
296 3857 449 3903 supra
484 3859 530 3904 p.
569 3841 647 3905 3),
695 3844 755 3892 iis
794 3847 1101 3894 examinatis
1140 3865 1298 3895 unum
1338 3865 1364 3896 e
1403 3850 1665 3913 deputatis
1704 3849 1887 3911 elegit,
1943 3849 2030 3911 qui
2067 3849 2117 3895 in
2157 3847 2449 3910 Congrega-

178 3917 319 3965 tione
354 3920 583 3980 generali
631 3921 691 3969 de
741 3922 954 3984 singulis
1004 3926 1452 3976 emendationibus
1490 3928 1710 3975 referret
1762 3931 1919 3989 atque
1957 3930 2268 3989 exponeret,
2326 3924 2446 3987 quid

179 3994 444 4057 deputatio
484 3997 544 4044 de
581 3998 642 4045 iis
680 4000 910 4049 sentiret.
