2548 4290
187 134 431 176 Comment.
460 134 586 175 VIII.
641 133 720 176 SS.
753 134 987 176 Pontificis
1018 134 1336 186 infallibilitaS,
1368 147 1474 175 num
1506 136 1769 189 personalis,
1802 140 2007 189 separata
2040 140 2123 176 etc.
2182 135 2282 185 179

9 332 11 334 .
75 285 186 333 tum
226 283 280 330 et
316 278 695 347 irrefragabile
735 277 924 329 adesse
965 278 1358 342 testimonium,
1404 277 1694 329 dummodo
1735 277 1875 329 adsit
1913 277 2056 329 bona
2098 277 2284 328 volun-

0 349 151 415 ⁰tas
190 361 270 412 illi
319 379 435 413 sese
487 360 857 413 submittendi.
938 361 1083 428 Ergo
1135 378 1242 412 non
1294 377 1390 429 pro
1441 360 1671 411 veritate
1717 359 2092 429 cognoscenda
2132 363 2285 411 erant

0 438 33 457 '¹
72 445 407 498 necessariae
449 444 652 514 Synodi
692 444 992 512 generales,
1034 443 1128 495 sed
1168 444 1232 494 ad
1276 460 1485 495 errores
1522 443 1910 510 reprimendos
1964 442 2100 495 Cum
2141 442 2282 494 enim

72 545 281 581 errores
319 529 396 579 ita
434 528 846 591 invalescerent,
888 532 946 578 ut
985 526 1294 595 respublica
1322 525 1612 577 christiana
1647 526 2044 593 quodammodo
2073 525 2285 593 pericli-

71 615 303 677 taretur,
346 610 591 662 Ecclesia
629 610 891 662 catholica
927 610 1378 661 solemnissimum
1416 609 1675 659 iudicium
1716 626 1812 676 per
1855 608 2155 660 Concilium
2193 625 2286 676 ge-

74 694 257 746 nerale
308 694 371 745 iis
423 694 636 745 obiecit.
715 693 823 745 Sed
873 694 1325 745 solemnissimum
1374 692 1635 743 iudicium
1675 692 1952 744 Ecclesiae
2006 692 2071 744 de
2124 691 2285 743 rebus

73 776 198 829 fidei
238 783 290 828 et
328 795 538 829 morum
580 782 659 829 est
697 794 756 829 ac
810 794 1025 846 semper
1076 777 1178 828 erit
1235 776 1493 827 iudicium
1536 775 1764 827 Concilii
1816 776 2175 841 oecumenici,
2230 775 2286 826 in

70 878 177 929 quo
219 861 371 930 Papa
420 861 623 912 iudicat
676 860 833 911 simul
883 859 1244 912 assidentibus
1297 866 1350 911 et
1401 859 1869 911 coniudicantibus
1925 859 2067 911 orbis
2109 859 2288 910 catho-

73 944 162 996 lici
200 943 500 1012 EpiscopiS.

222 1027 362 1092 „Sed
401 1028 602 1079 instant
643 1033 696 1078 et
725 1027 936 1078 dicunt:
979 1026 1221 1078 Concilia
1254 1026 1533 1095 generalia
1570 1028 1626 1077 in
1666 1032 1940 1095 posterum
1984 1044 2090 1078 non
2131 1032 2289 1077 erunt

72 1110 269 1176 libera,
325 1110 585 1180 Episcopi
626 1129 731 1162 non
774 1111 1005 1179 amplius
1058 1115 1217 1161 erunt
1256 1110 1370 1161 veri
1422 1109 1640 1161 iudices.
1719 1109 2075 1179 RespondeO,
2131 1114 2289 1161 erunt

71 1193 260 1259 libera,
301 1195 438 1245 sicut
477 1194 650 1245 libera
688 1194 906 1245 fuerunt
946 1193 1279 1261 temporibus
1320 1193 1597 1245 anteactis,
1662 1192 1802 1243 Nam
1845 1192 2086 1245 Concilia
2127 1192 2287 1244 etiam

72 1278 127 1329 in
168 1284 443 1347 posterum
484 1279 560 1329 ita
600 1278 960 1343 habebuntur,
1003 1283 1062 1328 ut
1102 1277 1167 1328 de
1207 1277 1368 1328 rebus
1409 1277 1462 1327 in
1493 1276 1733 1328 Concilio
1774 1277 2167 1345 pertractandis
2197 1282 2289 1327 aut

71 1361 223 1412 nulla
262 1361 555 1430 praecedat
597 1361 836 1412 definitio
881 1360 1188 1429 dogmatica
1228 1360 1459 1411 Romani
1485 1360 1777 1425 Pontifieis,
1820 1361 1906 1412 vel
1946 1369 2004 1410 ut
2044 1361 2165 1412 talis
2206 1378 2287 1412 re-

74 1461 203 1495 vera
242 1444 550 1514 praecedat.
603 1444 668 1494 In
710 1444 876 1512 priori
917 1461 1060 1507 casu,
1103 1444 1144 1493 si
1174 1443 1326 1510 Papa
1354 1443 1753 1512 propositiones
1794 1444 2034 1511 integras
2074 1444 2288 1511 integre

73 1526 314 1579 Concilio
356 1527 767 1596 pertractandas
808 1527 1083 1594 relinquit,
1126 1526 1429 1577 Concilium
1471 1526 1633 1594 plena
1672 1544 1766 1577 sua
1805 1526 2058 1578 libertate
2099 1527 2152 1577 in
2180 1526 2290 1577 Do-

73 1611 217 1663 mino
258 1612 336 1662 uti
377 1611 602 1681 poterit,
655 1612 707 1661 in
750 1611 1035 1679 posteriori
1077 1627 1204 1661 casu
1245 1609 1546 1661 Concilium
1590 1610 1806 1661 omnino
1846 1610 1901 1661 id
1939 1616 2092 1678 aget,
2147 1610 2290 1678 quod

72 1695 124 1745 in
167 1695 328 1746 simili
369 1712 494 1747 casu
536 1701 766 1763 egerunt
808 1694 1050 1745 Concilia
1091 1694 1385 1761 generalia.

223 1778 584 1848 „Exemplum
641 1779 708 1828 sit
749 1777 1409 1845 Constantinopolitanum
1452 1775 1553 1826 III.
1607 1776 1662 1826 in
1710 1794 1805 1828 sua
1845 1776 2043 1845 agendi
2080 1778 2289 1829 ratione

72 1879 195 1914 cum
251 1863 476 1931 epistola
532 1862 839 1929 dogmatica
894 1861 1078 1928 Papae
1121 1860 1441 1928 Agathonis.
1517 1860 1735 1912 Priores
1793 1869 2001 1930 septem
2054 1862 2291 1913 actiones

72 1946 229 1997 huius
260 1946 487 1998 Concilii
518 1945 855 2013 occupabant
884 1944 1149 2013 quaedam
1179 1944 1549 2013 praeambula,
1592 1945 1645 1995 id
1675 1950 1769 2010 est,
1810 1945 1971 1996 lectio
2001 1945 2292 1997 documen-

73 2035 266 2095 torum,
308 2047 445 2098 quae
489 2029 788 2081 Concilium
832 2028 1248 2080 concernebant.
1316 2028 1403 2079 Ad
1443 2028 1604 2079 finem
1647 2030 1871 2080 actionis
1912 2030 2175 2098 septimae
2215 2030 2290 2081 le-

72 2114 184 2182 gati
241 2114 476 2165 Romani
531 2113 807 2164 Pontificis
865 2112 1230 2180 postularunt,
1293 2117 1352 2162 ut
1406 2112 1597 2164 Patres
1650 2112 1877 2163 Concilii
1932 2113 2288 2179 declararent,

73 2202 254 2248 utrum
305 2197 645 2249 consentiant
685 2197 1021 2265 suggestioni
1073 2214 1166 2247 seu
1206 2196 1469 2264 epistolae
1510 2196 1831 2264 Agathonis
1908 2197 2062 2248 Haec
2114 2197 2290 2248 decla-

74 2281 210 2332 ratio
266 2281 527 2348 promissa
577 2279 678 2331 fuit
734 2298 830 2348 pro
883 2280 1093 2331 actione
1152 2279 1417 2347 sequenti.
1496 2279 1557 2329 In
1611 2279 1819 2330 actione
1875 2280 2057 2348 itaque
2100 2287 2292 2333 octava

73 2363 261 2416 Patres
303 2363 529 2416 Concilii
571 2364 941 2415 declararunt:
1000 2364 1129 2427 ,Ita,
1171 2362 1405 2414 Domine
1450 2362 1539 2427 (ad
1581 2363 1964 2431 imperatorem
2006 2365 2290 2430 conversi),

74 2448 347 2517 profiteor,
391 2454 443 2500 et
483 2449 556 2499 sic
597 2448 776 2511 credO,
819 2447 1275 2516 quemadmodum
1317 2448 1520 2498 habent
1557 2448 1931 2515 suggestiones
1972 2449 2290 2500 sanctissimi

75 2531 259 2600 Papae
300 2532 552 2600 antiquae
592 2531 800 2582 Romae
830 2531 1170 2598 Agathonis.‘
1195 2530 1210 2561 1
1263 2530 1416 2581 Haec
1459 2548 1588 2598 ergo
1632 2530 1925 2583 declaratio
1969 2537 2113 2583 certe
2155 2532 2290 2583 nihil

73 2614 222 2666 aliud
262 2615 364 2666 fuit
414 2616 516 2666 nisi
555 2616 811 2667 iudicium
862 2633 1024 2666 verae
1066 2621 1118 2665 et
1169 2614 1342 2666 fidelis
1395 2615 1753 2666 adhaesionis.
1832 2615 1967 2666 Cum
2009 2634 2137 2667 vero
2179 2617 2291 2668 Ma-

75 2699 250 2749 carius
292 2698 684 2763 AntiochenuS,
734 2699 824 2766 qui
867 2698 1209 2767 postmodum
1252 2698 1413 2749 etiam
1457 2698 1861 2749 definitionibus
1903 2698 2130 2750 Concilii
2172 2718 2291 2768 per-

74 2783 320 2833 tinaciter
360 2782 701 2845 contradixit,
745 2783 847 2837 his.
866 2800 972 2833 non
1014 2783 1399 2850 acquiesceret,
1441 2783 1629 2834 Patres
1660 2782 1904 2847 Concilii,
1947 2788 2005 2833 ut
2045 2784 2292 2836 omnibus

75 2864 504 2916 dubitationibus
545 2865 935 2930 satisfacerent,
976 2866 1076 2934 ipsi
1119 2872 1172 2916 et
1211 2866 1428 2916 asseclis
1468 2866 1574 2915 suis
1604 2865 1981 2933 permiserunt,
2022 2874 2081 2916 ut
2117 2867 2292 2919 allatis

72 2949 395 3001 testimoniis
453 2949 677 3001 Patrum
734 2950 1043 3016 opinionem
1102 2967 1251 3000 suam
1309 2948 1682 3000 defenderent.
1773 2950 1926 3001 Haec
1986 2952 2292 3004 testimonia

75 3033 315 3084 examini
357 3038 410 3084 et
459 3032 658 3083 iudicio
702 3032 944 3084 subiecta
994 3033 1217 3083 inventa
1257 3037 1379 3083 sunt
1430 3033 1625 3100 partim
1678 3033 1859 3101 spuria
1899 3035 2092 3101 partim
2136 3037 2293 3086 muti-

75 3113 212 3179 lata,
262 3122 316 3167 et
355 3116 583 3184 proinde
625 3133 655 3167 a
696 3115 937 3167 Concilio
990 3116 1210 3167 fuerunt
1263 3116 1479 3167 reiecta.
1555 3117 1656 3168 His
1698 3117 1945 3185 opposita
1986 3122 2107 3169 sunt
2146 3119 2293 3169 testi-

77 3197 256 3248 monia
297 3197 348 3250 S.
392 3198 702 3267 Scripturae
745 3203 798 3249 et
838 3199 1090 3263 Patrum,
1140 3216 1275 3266 quae
1318 3199 1579 3267 epistolae
1621 3199 1805 3268 Papae
1846 3199 2150 3267 Agathonis
2202 3200 2292 3252 ad-

5 3289 11 3293 ·
77 3278 217 3331 iecta
270 3288 448 3347 erant,
516 3283 646 3333 haec
703 3299 915 3350 quoque
974 3283 1222 3333 examine
1278 3282 1522 3334 instituto
1581 3300 1700 3333 cum
1767 3284 2012 3335 omnibus
2078 3285 2293 3352 optimis

79 3363 351 3416 codicibus
404 3366 601 3417 collata
642 3365 880 3417 fuerunt.
961 3365 1095 3416 Cum
1146 3366 1252 3416 iam
1309 3366 1425 3417 luce
1468 3366 1662 3417 clarius
1714 3372 2043 3435 apparerent
2082 3368 2176 3418 illa
2214 3369 2290 3419 in-

80 3451 260 3514 tegra,
316 3448 629 3500 authentica
685 3454 737 3500 et
786 3448 1112 3518 probantia,
1172 3448 1472 3500 Concilium
1531 3449 1750 3501 devenit
1803 3450 1871 3500 ad
1924 3450 2292 3502 definitionem

80 3529 397 3597 synodalem
440 3532 505 3582 de
560 3532 763 3600 duplici
803 3533 858 3583 in
902 3531 1114 3583 Christo
1156 3532 1434 3583 voluntate
1478 3541 1530 3584 et
1586 3533 1928 3601 operatione,
1987 3538 2039 3584 et
2092 3534 2143 3584 in
2196 3534 2294 3586 hac

83 3611 427 3679 definitione,
479 3619 538 3665 ut
579 3616 849 3683 expressis
890 3615 1069 3666 verbis
1112 3615 1241 3666 dicit
1280 3632 1431 3666 sacra
1473 3615 1740 3684 SynoduS,
1784 3616 2066 3684 epistolam
2108 3617 2293 3685 Papae

83 3694 387 3761 Agathonis
437 3697 632 3748 iterum
689 3698 857 3749 veluti
908 3715 1151 3749 normam
1192 3698 1371 3749 vivam
1413 3703 1537 3750 ante
1581 3699 1760 3749 oculos
1816 3699 2045 3768 positam
2088 3698 2294 3751 habuit.

232 3869 246 3896 ¹
283 3871 439 3918 Labb.
477 3871 684 3919 Collect.
721 3877 839 3918 tom.
878 3774 1125 3934 VIL‘J.
1164 3873 1271 3930 758,
1310 3871 1426 3918 edit.
1466 3872 1645 3918 Venet.
1682 3872 1860 3919 Coleti.

1853 3954 1946 3992 10*
