2548 4290
203 125 273 176 98
408 126 518 167 Pars
551 125 586 165 Ι.
651 123 807 166 Const.
842 122 897 165 de
929 122 1031 164 fide.
1097 121 1207 178 Cap.
1239 123 1324 166 111.
1379 123 1489 177 Ipsa
1521 122 1717 166 Constit.
1750 135 1854 166 cum
1886 123 2278 166 adnotationibus.

355 274 404 325 4.
459 270 516 324 Si
570 268 690 339 quis
743 284 932 320 sacrae
975 267 1295 337 Scripturae
1349 265 1520 319 libros
1576 267 1823 337 integros
1880 285 2002 321 cum
2060 269 2315 322 omnibus
2369 271 2480 324 suis

204 356 479 426 partibuS,
535 357 699 424 prout
739 352 862 405 illos
902 356 1094 405 sancta
1136 351 1465 404 Tridentina
1507 350 1766 422 Synodus
1807 352 2113 421 recensuit,
2168 371 2267 425 pro
2309 356 2478 409 sacris

202 448 256 495 et
285 440 563 494 canonicis
589 456 698 491 non
727 437 1049 508 susceperit,
1094 441 1189 489 aut
1217 454 1310 490 eos
1341 435 1604 489 divinitus
1632 436 1929 508 inspiratos
1960 455 2077 491 esse
2120 437 2476 509 negaverit¹3

203 527 500 580 anathema
540 524 625 576 sit.

1283 631 1390 686 III.

1250 749 1311 795 De
1344 748 1439 795 fide.

357 861 401 910 1.
444 857 501 911 Si
555 857 675 927 quis
729 856 961 921 dixerit,
1015 854 1287 908 rationem
1340 854 1639 908 humanam
1691 856 1768 908 ita
1819 856 2289 928 independentem
2343 878 2478 928 esse,

202 952 261 999 ut
303 945 438 998 fides
481 944 532 997 ei
572 962 604 996 a
644 943 765 997 Deo
809 943 1072 1014 imperari
1114 960 1225 995 non
1267 939 1507 1012 possit23
1550 943 1850 996 anathema
1889 944 1976 997 sit.
2230 938 2233 941 ⁵

353 1034 403 1084 2.
457 1030 515 1084 Si
572 1030 691 1100 quis
746 1028 981 1095 dixerit,
1040 1028 1209 1081 fidem
1265 1027 1510 1081 divinam
1561 1047 1593 1081 a
1645 1030 1885 1083 naturali
1937 1029 2003 1083 de
2044 1030 2166 1085 Deo
2221 1036 2275 1085 et
2314 1031 2480 1086 rebus

203 1116 502 1171 moralibus
544 1115 776 1169 scientia
817 1132 927 1167 non
970 1114 1264 1184 distingui,
1322 1130 1386 1166 ac
1428 1119 1727 1185 propterea
1767 1114 1838 1167 ad
1878 1115 2042 1169 fidem
2084 1116 2326 1170 divinam
2368 1135 2479 1171 non

201 1202 423 1274 requiri,
466 1207 526 1254 ut
566 1201 816 1254 revelata
856 1200 1058 1253 veritas
1101 1205 1328 1270 propter
1370 1200 1760 1254 auctoritatem
1802 1201 1908 1255 Dei
1949 1202 2250 1255 revelantis
2292 1203 2481 1257 creda·

202 1296 317 1356 tur,
363 1288 659 1342 anathema
698 1289 785 1341 sit.

352 1376 400 1427 3.
444 1374 502 1427 Si
544 1374 664 1444 quis
694 1373 916 1438 dixerit,
960 1371 1361 1425 revelationem
1392 1371 1635 1425 divinam
1665 1373 1913 1427 externis
1941 1373 2112 1444 signis
2154 1374 2478 1428 credibilem

201 1460 320 1513 fieri
361 1477 470 1512 non
511 1476 690 1530 posse,
734 1458 968 1528 ideoque
1011 1458 1128 1510 sola
1168 1457 1387 1510 interna
1416 1458 1681 1529 cuiusque
1724 1459 2072 1530 experientia
2113 1465 2209 1513 aut
2247 1460 2480 1531 inspira·

200 1547 348 1599 tione
391 1546 606 1615 privata
649 1545 899 1596 homines
941 1543 1010 1596 ad
1053 1542 1218 1596 fidem
1263 1544 1472 1596 moveri
1514 1543 1785 1610 debere33
1828 1545 2126 1598 anathema
2165 1546 2252 1599 sit.

360 1688 369 1714 ¹
410 1688 473 1735 V.
513 1704 623 1750 cap.
664 1688 732 1735 II.
771 1692 1045 1735 comment.
1090 1687 1184 1735 [11.
1222 1687 1276 1736 P.
1322 1688 1356 1734 [.
1396 1687 1465 1735 ΙΙ.
1505 1703 1550 1749 p.
1590 1688 1647 1734 41
1691 1701 1801 1749 sqq.

352 1769 368 1796 ²
407 1769 601 1829 Canon,
642 1785 705 1818 ex
743 1770 914 1830 capite
953 1769 1180 1816 secundo
1221 1768 1498 1816 schematis
1537 1768 1599 1815 de
1637 1767 1873 1815 doctrina
1919 1768 2174 1816 catholica
2225 1771 2483 1831 recethS,

201 1850 254 1896 in
303 1849 564 1897 schemate
613 1848 896 1896 reformato
946 1847 1083 1895 inter
1134 1861 1356 1894 canones
1406 1846 1620 1894 secundi
1669 1846 1853 1908 capitis
1902 1846 1964 1893 de
2017 1846 2338 1895 revelatione
2376 1850 2488 1895 erat

201 1926 279 1988 (O.
318 1927 380 1975 V.
425 1925 640 1985 1631d):
697 1926 797 1973 huc
837 1925 1173 1973 transmissus
1213 1930 1291 1972 est
1329 1940 1447 1972 cum
1484 1925 1649 1987 prima
1688 1925 1948 1972 sententia
1984 1924 2170 1987 capitis
2209 1923 2294 1985 (cf.
2333 1941 2490 1989 suprt

202 2022 248 2068 p.
288 2008 367 2053 Sl.
415 2022 464 2053 n.
504 2003 585 2064 9.).
624 2033 684 2037 -
724 2005 775 2051 Is
824 2018 927 2051 non
977 2008 1118 2052 recte
1169 2018 1419 2051 canonem
1471 2003 1934 2065 interpretaretur,
1988 2003 2076 2065 qui
2125 2018 2185 2051 eo
2222 2003 2388 2066 primo
2427 2019 2486 2052 a3

202 2085 398 2134 directe
447 2083 591 2132 reiici
630 2083 825 2131 diceret
864 2098 1120 2143 errorem,
1171 2082 1426 2130 rationem
1473 2081 1626 2130 fidem
1662 2082 1772 2130 Deo
1822 2082 1935 2129 iure
1974 2081 2268 2130 detrectare
2319 2096 2484 2144 posse.

202 2163 373 2219 Quum
402 2163 534 2210 enim
562 2162 745 2209 Patres
773 2160 951 2223 aliqui,
991 2161 1079 2224 qui
1109 2176 1226 2208 eum
1252 2161 1324 2208 ita
1351 2160 1850 2222 interpretabantur,
1889 2160 2341 2210 emendationibus
2370 2175 2485 2223 pro-

201 2242 383 2304 positis
421 2240 471 2288 id
511 2240 701 2287 clarius
741 2239 988 2287 efferrent
1017 2238 1442 2298 (Emendationes
1480 2242 1576 2287 etc.
1626 2239 1735 2287 Em.
1763 2240 1841 2287 95.
1881 2241 1959 2287 96.
1997 2241 2077 2287 97.
2129 2238 2183 2287 O.
2210 2238 2272 2286 V.
2306 2240 2396 2286 163
2414 2237 2478 2298 c),

201 2319 671 2367 paderbornensis:
712 2315 1165 2378 „Animadverto,“
1196 2317 1381 2378 inquit,
1416 2332 1671 2377 „errorem
1701 2317 2047 2365 damnandum
2076 2333 2179 2365 non
2207 2333 2320 2366 eum
2351 2332 2478 2365 esse.

201 2400 276 2458 ut,
316 2398 357 2444 si
382 2397 523 2444 Deus
560 2396 774 2455 revelat,
814 2396 947 2442 ratio
986 2396 1213 2443 humana
1250 2395 1295 2442 ei
1333 2395 1640 2459 obsequium
1679 2395 1973 2443 detrectare
2009 2396 2120 2443 iure
2158 2396 2353 2458 possit3
2392 2410 2464 2443 se(

202 2475 252 2522 id
291 2490 393 2522 non
432 2474 698 2534 obiiciunt,
736 2474 787 2520 id
824 2489 927 2520 non
964 2474 1270 2536 impugnant
1308 2473 1397 2534 illi,
1441 2474 1529 2536 qui
1567 2474 1964 2535 possibilitatem
2003 2474 2335 2522 revelationis
2374 2474 2480 2520 siv(¹

203 2554 400 2601 factum
450 2553 785 2601 revelationis
837 2568 939 2599 non
989 2552 1299 2600 concedunt.
1339 2589 1348 2599 .
1389 2590 1398 2599 .
1460 2552 1648 2612 Error,
1698 2553 1786 2614 qui
1822 2552 1905 2600 hic
1954 2555 2066 2600 erat
2104 2551 2462 2600 excludendus

202 2632 283 2679 hic
323 2635 417 2690 est,
457 2631 710 2678 rationem
747 2630 1027 2678 humanam
1064 2630 1136 2677 ita
1174 2630 1225 2676 in
1264 2646 1317 2677 se
1355 2630 1638 2692 perfectam
1676 2645 1803 2689 esse,
1843 2634 1901 2678 ut
1939 2646 2004 2678 ex
2041 2645 2094 2678 se
2130 2630 2242 2693 ipsa
2279 2644 2467 2678 omnen

202 2710 476 2758 veritatem
514 2709 723 2755 haurire
761 2708 952 2770 possit,
991 2707 1214 2769 ideoque
1240 2708 1406 2755 Deum
1444 2707 1639 2755 nullam
1678 2708 1867 2755 iustam
1895 2708 2161 2756 revelandi
2198 2723 2293 2757 nec
2329 2706 2468 2755 fiden
2545 2739 2547 2741 -

203 2804 231 2835 a
268 2787 471 2835 ratione
510 2786 749 2848 exigendi
788 2801 995 2833 causam
1043 2785 1282 2833 habere.··
1355 2785 1579 2843 (Relatio
1619 2789 1717 2833 etc.
1768 2784 1824 2834 C.
1862 2785 1925 2834 V.
1980 2787 2070 2833 185
2087 2786 2131 2834 b.
2170 2784 2234 2845 c.)
2295 2785 2479 2848 Itaqm·

204 2880 369 2913 canon
407 2864 571 2926 magis
610 2864 804 2912 directe
843 2878 1070 2911 errorem
1123 2863 1390 2912 doctrinae
1430 2864 1491 2911 de
1528 2863 1847 2912 revelatione
1892 2864 2183 2927 oppositum
2223 2864 2482 2925 reprobat.

206 2960 359 3007 quam
398 2958 625 2991 errorem
677 2942 943 2990 doctrinae
993 2942 1054 2989 de
1092 2941 1192 2990 fide
1230 2943 1550 3003 oppositum,
1601 2943 1869 3006 magisque
1907 2942 1971 2990 ad
2008 2942 2290 2990 secundum
2330 2958 2485 3006 capu:

207 3022 267 3069 de
306 3021 642 3081 revelatione,
684 3036 835 3083 quam
875 3020 938 3067 ad
978 3021 1191 3067 tertium
1229 3020 1291 3068 de
1327 3020 1426 3067 fide
1466 3025 1680 3083 spectat.

355 3102 370 3129 3
410 3102 526 3149 Vox
557 3099 805 3163 „debere“
846 3102 898 3149 in
926 3102 1187 3150 schemate
1214 3102 1459 3151 Patribus
1496 3103 1761 3165 proposito
1801 3102 1996 3150 deerat.
2038 3101 2137 3162 (Of.
2167 3102 2220 3150 O.
2251 3102 2310 3149 V.
2340 3104 2398 3148 77
2418 3100 2482 3160 a.)

204 3181 283 3229 Ne
322 3180 528 3228 excludi
564 3179 829 3227 videretur
868 3179 1130 3239 doctrina,
1173 3194 1324 3242 posse
1362 3180 1586 3243 aliquem
1624 3181 1779 3229 etiam
1821 3180 2026 3228 interna
2063 3180 2384 3241 experientia
2421 3181 2472 3227 a(

203 3259 353 3307 fidem
391 3258 616 3319 moveri,
672 3258 753 3304 cui
791 3273 894 3305 non
933 3256 1253 3306 sufficienter
1290 3261 1494 3307 constet
1531 3259 1594 3306 de
1632 3259 1863 3307 externis
1913 3257 2118 3306 divinae
2153 3257 2484 3306 revelationis

204 3336 542 3398 argumentiS,
580 3335 633 3382 in
660 3334 1078 3396 Oongregatione
1103 3336 1337 3397 generali
1363 3336 1686 3399 propositum
1725 3340 1819 3397 est,
1858 3340 1916 3383 ut
1941 3335 2030 3383 illa
2066 3351 2169 3383 vox
2206 3335 2484 3384 adderetur
2541 3354 2547 3360 ·

205 3413 629 3473 (Emendationes
658 3416 754 3460 etc.
806 3412 917 3460 Em.
952 3414 1057 3460 105.
1110 3412 1164 3461 O.
1192 3412 1254 3460 V.
1286 3415 1378 3461 164
1397 3412 1464 3474 a),
1501 3414 1554 3461 id
1582 3413 1720 3477 quod
1746 3414 1798 3461 in
1826 3413 2162 3476 deputatione
2201 3417 2250 3461 et
2275 3414 2328 3461 in
2355 3411 2486 3461 Con·-

204 3492 511 3555 gregatione
562 3490 794 3553 generali
845 3491 1191 3552 approbatum
1245 3495 1339 3540 est.
1411 3491 1512 3552 (Ex
1560 3492 1688 3540 actis
1736 3496 1832 3540 etc.
1906 3490 1960 3540 O.
2013 3492 2074 3540 V.
2129 3494 2253 3539 1673
2274 3491 2321 3540 d.
2391 3491 2486 3539 Re·-

204 3569 329 3617 latio
370 3573 466 3617 etc.
540 3567 593 3617 C.
633 3569 696 3615 V.
739 3568 901 3628 187b3
945 3567 1118 3627 1912..)

355 3648 573 3695 Errores
626 3648 848 3695 reiectos
898 3663 944 3694 v.
999 3646 1286 3708 explicatos
1336 3664 1493 3710 supra
1552 3664 1600 3710 p.
1649 3648 1727 3695 83.
1780 3663 1829 3695 n.
1883 3648 1923 3695 1.
2006 3647 2198 3695 Eorum
2251 3645 2474 3709 exemplf
2539 3686 2543 3690 .

209 3725 437 3773 afferunt
476 3724 705 3788 theologi
742 3725 794 3772 in
832 3725 1258 3773 adnotationibus
1308 3725 1372 3773 ad
1410 3726 1617 3774 schema
1655 3726 1716 3773 de
1755 3725 1992 3774 doctrina
2043 3724 2299 3773 catholica
2335 3725 2461 3773 haec

212 3802 357 3863 „Non
395 3805 750 3853 obscuriorem
785 3803 1023 3851 veritatis
1062 3818 1187 3850 suae
1227 3819 1432 3851 sensum
1471 3804 1610 3852 ultro
1639 3803 1910 3866 Scriptura
1945 3819 2071 3866 prae
2098 3819 2151 3851 se
2175 3803 2292 3863 fert,
2333 3817 2475 3866 quan

209 3880 397 3928 coloris
436 3882 514 3929 sui
551 3897 633 3929 res
671 3882 823 3930 albae
861 3897 919 3929 ac
957 3881 1153 3942 nigrae,
1193 3882 1391 3944 saporis
1431 3897 1616 3930 suaves
1655 3885 1705 3930 et
1743 3897 1967 3930 amarae.
2007 3920 2016 3929 .
2057 3919 2067 3930 .
2115 3881 2326 3929 Maneat
2363 3894 2475 3942 erg(

206 3957 384 4019 fixum,
424 3974 553 4020 quos
592 3958 813 4022 Spiritus
852 3958 1072 4007 Sanctus
1110 3959 1250 4007 intus
1290 3958 1493 4019 docuit,
1537 3959 1699 4007 solide
1737 3959 2071 4022 acquiescere
2108 3958 2160 4005 in
2198 3957 2477 4021 Scriptura.
