2548 4290
176 102 280 153 104
606 103 720 144 Pars
752 103 811 144 II.
869 100 1024 144 Const.
1062 101 1117 143 de
1150 103 1370 145 Ecclesia.
1437 102 1548 158 Cap.
1582 104 1617 145 1.
1674 104 1790 146 Eius
1821 104 2028 146 historia.

170 250 600 305 undetricesima
641 248 720 316 (d.
762 249 850 302 22.
893 247 1210 317 Februarii)
1253 248 1451 301 Patres
1492 248 1881 317 monebantur,
1922 254 2001 316 ut,
2044 267 2185 320 quae
2228 250 2295 304 de
2337 250 2447 322 pri-

170 336 271 388 mis
314 336 507 388 decem
547 332 822 405 capitibus
864 338 920 387 et
958 333 1230 387 tredecim
1255 332 1724 403 respondentibus
1754 333 2059 387 canonibus
2099 334 2448 389 animadver-

168 421 339 474 tenda
379 424 702 487 censerent,
756 420 903 472 intra
943 418 1137 472 decem
1178 419 1296 472 dies
1340 419 1653 473 Secretario
1695 419 1931 473 Concilii
1973 420 2178 491 scripto
2220 419 2449 474 exhibe·

167 510 293 559 rent
315 505 349 558 ¹.
427 504 520 558 Ad
559 505 704 558 hanc
756 510 943 559 autem
983 505 1277 559 schematis
1318 510 1534 576 partem
1590 505 1938 559 tractandam
1980 506 2178 559 Patres
2218 511 2449 578 propter

167 609 495 662 suspensum
538 590 851 644 Concilium
901 608 1013 644 non
1055 596 1464 661 pervenerunt,
1522 609 1693 661 quare
1745 609 1812 644 ea
1858 591 2053 645 relicta
2104 596 2219 645 tota
2259 596 2449 644 nostra

168 677 445 729 enarratio
496 676 809 730 versabitur
859 676 916 728 in
967 677 1358 747 persequenda
1407 676 1639 730 historia
1690 677 1884 748 capitis
1935 677 2244 745 undecimi,
2300 677 2448 748 quod

168 766 287 814 erat
328 761 395 815 de
436 761 677 814 Romani
717 761 1005 814 Pontificis
1046 761 1316 828 Primatn,
1361 766 1416 814 et
1457 762 1653 831 capitis
1693 762 1824 815 novi
1865 762 1932 816 de
1975 762 2216 816 Romani
2258 761 2449 815 Ponti-

168 848 280 900 ficis
320 847 748 914 infallibilitate,
792 848 941 918 quod
982 846 1032 900 d.
1077 850 1124 900 9.
1167 847 1384 915 Martii,
1430 854 1556 919 post
1598 842 1763 918 caput
1804 848 2164 902 undecimum
2202 848 2450 901 inseren-

167 932 313 999 dum,
356 933 620 985 schemati
664 933 916 985 additum
958 938 1041 985 est
1063 931 1097 984 2.
1153 932 1241 985 Ex
1286 933 1368 985 his
1411 933 1559 986 enim
1601 932 1816 986 duobus
1846 932 2179 986 Constitutio
2222 933 2447 1003 dogma·

167 1018 276 1071 tica
314 1018 495 1088 prima
536 1018 604 1071 de
646 1018 901 1071 Ecclesia
941 1018 1194 1087 proxime
1237 1018 1470 1071 exstitit.
2051 1030 2054 1033 '

314 1103 504 1173 Atque
545 1104 787 1174 primum
829 1104 1052 1175 quidem
1083 1104 1458 1158 enarrandum
1486 1110 1585 1173 est,
1630 1122 1774 1181 quae
1814 1104 1991 1158 additi
2032 1104 2227 1176 capitis
2270 1103 2381 1158 de
2367 1123 2447 1158 ln·-

167 1189 504 1243 fallibilitate
547 1190 832 1261 pontificia
871 1190 1041 1244 fuerit
1081 1191 1255 1258 origo.

316 1273 551 1328 Concilii
578 1275 837 1328 Vaticani
879 1276 1183 1330 adversarii
1225 1276 1409 1330 dicere
1451 1276 1647 1344 solent,
1691 1276 1981 1330 Summum
2020 1275 2348 1329 Pontificem
2392 1274 2441 1327 in

167 1359 415 1413 Concilio
459 1362 817 1414 convocando
848 1362 985 1414 nihil
1015 1362 1190 1431 magis
1219 1366 1517 1432 spectasse,
1560 1380 1725 1432 quam
1764 1367 1824 1414 ut
1865 1361 2205 1432 pontificiam
2246 1359 2443 1412 infalli-

166 1446 439 1500 bilitatem
480 1446 854 1501 definiendam
896 1454 1131 1514 curaret,
1158 1448 1316 1520 imo,
1369 1466 1494 1501 eum
1537 1448 1607 1518 ad
1648 1448 1752 1501 hoc
1784 1449 1966 1519 ipsum
2005 1447 2290 1519 Synodum
2320 1463 2445 1499 con-

166 1550 408 1585 vocasse.
489 1532 658 1585 Cuius
704 1533 928 1604 quidem
970 1534 1053 1587 rei
1093 1534 1308 1587 nullum
1352 1533 1595 1587 afferunt
1635 1524 2044 1604 argumentum.
2125 1532 2335 1585 Contra
2374 1548 2446 1585 ex

167 1619 303 1671 actis
354 1619 520 1688 plane
575 1619 805 1678 evidens
858 1624 969 1687 est,
1025 1621 1334 1675 doctrinam
1389 1621 1457 1674 de
1503 1619 2252 1690 ,infallibilitate‚pontificia
2303 1618 2448 1677 inter

166 1722 254 1756 res
306 1722 337 1756 a
379 1703 629 1758 Concilio
670 1705 988 1759 tractandas
1030 1712 1331 1777 propterea
1381 1711 1665 1777 receptam
1708 1724 1857 1774 esse,
1915 1705 2044 1776 quia
2093 1704 2150 1757 id
2206 1722 2239 1757 a
2289 1708 2448 1775 parte

167 1789 398 1843 Patrum
439 1791 605 1860 longe
648 1791 843 1843 maiori
885 1792 1170 1845 liberrime
1212 1797 1266 1845 et
1307 1792 1580 1845 instanter
1621 1792 1963 1861 postulatum
2004 1795 2103 1844 est.

172 1947 179 1952 ἱ
316 1877 501 1939 Quum
543 1879 802 1933 Summus
831 1880 1100 1934 Pontifex
1142 1900 1287 1934 anno
1327 1883 1481 1947 1865,
1525 1881 1776 1934 Concilio
1820 1880 2059 1950 primum
2102 1878 2449 1945 annuntiatO,

167 1983 196 2017 a
252 1963 642 2018 Cardinalibus
698 1966 753 2017 in
797 1966 965 2019 Curia
1018 1967 1390 2020 residentibus
1448 1967 1838 2038 quaesivisset,
1895 1983 2035 2037 quae
2092 1965 2147 2017 in
2200 1963 2450 2018 Concilio

165 2049 458 2102 tractanda
501 2048 738 2118 essent,
770 2051 913 2104 inter
966 2052 1129 2104 unius
1180 2058 1236 2106 et
1288 2053 1487 2123 viginti
1529 2051 1908 2105 Cardinalium
1963 2056 2092 2104 vota
2144 2049 2193 2103 ei
2246 2049 2452 2103 tradita

167 2135 275 2188 duo
319 2135 437 2188 sola
479 2136 830 2201 exstiterunt,
875 2138 930 2189 in
973 2138 1173 2208 quibus
1202 2138 1521 2209 pontificiae
1551 2137 1962 2191 infall-ibilitatis
1990 2135 2159 2189 fiebat
2187 2135 2395 2195 mentio
2413 2133 2449 2188 3.

169 2221 352 2282 Quum
397 2222 594 2274 eodem
637 2241 782 2276 anno
810 2223 1120 2298 Episcopos
1160 2226 1296 2277 ritus
1337 2225 1497 2278 latini
1536 2243 1568 2277 a
1609 2243 1667 2277 se
1710 2223 2014 2277 destinatos
2056 2222 2124 2276 de
2167 2222 2362 2275 eadem
2390 2211 2450 2285 re

166 2308 381 2361 consuli
432 2309 711 2375 iussisset,
768 2309 939 2381 aliqui
993 2305 1063 2364 ex
1105 2312 1212 2364 illis
1256 2312 1563 2364 doctrinam
1617 2310 1685 2364 de
1726 2310 2006 2382 pontificia
2046 2308 2448 2362 infallibilitate

167 2393 413 2447 Concilio
456 2395 879 2466 proponendam
923 2416 1042 2451 esse
1084 2403 1421 2451 censuerunt
1439 2397 1477 2452 4.
1553 2397 1639 2450 De
1683 2415 1747 2451 ea
1788 2414 1847 2450 re
1888 2400 2081 2467 postea
2122 2412 2265 2447 anno
2311 2395 2447 2447 1869

167 2480 223 2531 in
264 2479 440 2532 tribus
482 2481 819 2535 sessionibus
863 2482 1070 2561 (d.11.
1117 2486 1201 2537 18.
1245 2485 1332 2536 25.
1374 2483 1689 2549 Februarii)
1745 2481 2073 2535 deliberatio
2116 2498 2148 2532 a
2197 2480 2448 2533 commis-

167 2566 321 2619 sione
352 2566 667 2636 dogmatica
694 2557 1085 2638 theologoium
1115 2570 1305 2624 habita
1332 2575 1431 2624 est
1486 2569 1612 2622 Duo
1643 2568 2084 2639 quaerebantur:
2131 2569 2215 2634 „.1
2245 2565 2449 2619 Utrum

166 2652 262 2704 illa
306 2651 600 2721 [doctiina]
644 2648 907 2724 tanquam
964 2654 1094 2708 fidei
1147 2656 1412 2708 articulus
1466 2655 1685 2708 definiri
1736 2654 1924 2725 possit.
2004 2654 2054 2707 2.
2097 2651 2300 2705 Utrum
2353 2650 2448 2703 illa

166 2742 431 2807 tanquam
475 2738 740 2791 articulus
782 2740 911 2792 fidei
952 2741 1024 2793 sit
1051 2741 1384 2795 definienda.
1396 2742 1417 2766 “
1477 2740 1640 2793 Prius
1670 2740 1808 2792 illud
1849 2737 2204 2791 affirmabant
2244 2753 2451 2789 omnes,

169 2824 426 2876 AQlteium
470 2842 612 2877 unus
654 2824 820 2895 plane
864 2826 1135 2896 negabat,
1179 2827 1272 2897 qui
1315 2826 1539 2898 quidem
1582 2827 1700 2879 eius
1743 2825 2026 2882 doctrinae
2069 2822 2450 2876 definitionem

169 2909 497 2980 simpliciter
537 2911 973 2981 inopportunam
1014 2930 1133 2965 esse
1177 2913 1408 2967 censuit.
1463 2913 1596 2965 Alii
1622 2929 1812 2965 omnes
1859 2909 2111 2979 „nonnisi
2151 2908 2223 2961 ad
2262 2913 2448 2978 postu-

167 2996 434 3048 lationem
485 2995 890 3067 Episcoporum
948 2998 1029 3050 rei
1086 2998 1248 3051 huius
1305 2998 1743 3069 propositionem
1799 2996 1868 3049 ab
1922 2992 2448 3064 ApostolicaSede

168 3080 482 3134 faciendam
525 3082 675 3135 esse“
722 3082 1056 3137 iudicarunt.
1137 3085 1325 3155 Atque
1366 3085 1424 3137 id
1465 3084 1752 3137 decretum
1795 3089 1878 3136 est
1897 3081 1934 3132 5.

318 3161 643 3216 Commissio
698 3164 897 3234 igitur,
952 3183 1076 3218 cum
1132 3172 1326 3237 postea
1379 3165 1456 3232 (d
1496 3168 1583 3220 22.
1623 3164 1858 3237 Aprilis)
1912 3162 2163 3227 schema,
2217 3177 2325 3230 quo
2383 3158 2449 3212 de

166 3246 420 3301 Romano
463 3249 735 3302 Pontifice
789 3257 1079 3319 ageretur,
1135 3257 1357 3321 pararet
1399 3251 1649 3304 Concilio
1703 3246 2157 3320 proponendum,
2211 3262 2323 3297 non
2364 3260 2448 3326 re-

168 3334 315 3429 cepit
345 3334 653 3388 doctrinam
694 3336 763 3388 de
794 3337 1077 3432 pontificia
1102 3337 1499 3391 infallibilitate
1534 3337 1636 3407 „ob
1666 3324 2001 3408 prudentem
2029 3332 2183 3384 illam
2213 3319 2446 3384 oecono-

171 3420 353 3484 miam,
394 3420 462 3473 de
494 3438 603 3490 qua
631 3420 795 3473 alibi“
806 3427 908 3487 ,ut
936 3428 1020 3474 est
1045 3423 1100 3474 in
1131 3424 1267 3475 actis
1295 3424 1598 3476 sessionum
1624 3421 1659 3475 ⁶.
1716 3421 1846 3474 Sine
1876 3417 2043 3471 dubio
2076 3415 2215 3469 illud
2246 3413 2443 3483 „alibi“

320 3629 334 3654 1
373 3629 507 3677 Aeta
545 3633 643 3677 ete.
717 3627 772 3680 o.
811 3628 871 3675 v.
915 3630 1068 3676 72921.
1097 3629 1142 3676 b.
1328 3628 1515 3678 271bid.
1576 3627 1630 3676 e.
1669 3627 1729 3674 v,
1770 3594 1929 3675 7291).
1968 3643 2009 3674 O.
2050 3653 2109 3657 -
2150 3626 2326 3688 [psum
2366 3591 2448 3672 05-

169 3710 264 3767 put
301 3723 345 3754 v.
386 3707 440 3755 C.
480 3707 540 3756 V.
579 3709 672 3755 641
692 3723 736 3756 a.
765 3709 811 3756 b.
919 3715 921 3717 ’
1265 3733 1267 3736 f
1761 3712 1764 3716 '
2035 3749 2038 3752 .

321 3783 335 3811 ³
372 3784 426 3833 C.
476 3785 538 3832 V.
596 3788 778 3834 10140.
808 3786 853 3833 d.
1047 3783 1066 3811 4
1102 3785 1370 3847 Responsa
1419 3784 1812 3847 Episcoporum.
1886 3781 1942 3829 C.
1993 3782 2055 3830 V.
2112 3782 2297 3829 10180.
2368 3778 2445 3828 Of.

169 3861 291 3911 ibid.
335 3864 459 3910 1022
478 3866 523 3913 b.
1962 3866 1965 3869 '
2145 3885 2147 3887 >
2443 3878 2447 3883 ·

320 3939 336 3967 ⁵
374 3941 432 3990 C.
468 3942 530 3990 V.
573 3944 743 3991 11061)
783 3958 856 4005 sq.
1041 3940 1058 3968 ὅ
1100 3940 1227 3988 [bid.
