<?xml version="1.0" encoding="UTF-8"?>
<!DOCTYPE html PUBLIC "-//W3C//DTD XHTML 1.0 Transitional//EN"
    "http://www.w3.org/TR/xhtml1/DTD/xhtml1-transitional.dtd">
<html xmlns="http://www.w3.org/1999/xhtml" xml:lang="en" lang="en">
 <head>
  <title>
</title>
<meta http-equiv="Content-Type" content="text/html;charset=utf-8" />
  <meta name='ocr-system' content='tesseract 3.04.00' />
  <meta name='ocr-capabilities' content='ocr_page ocr_carea ocr_par ocr_line ocrx_word'/>
</head>
<body>
  <div class='ocr_page' id='page_1' title='image "a584483100granuoft_0046.png"; bbox 0 0 2548 4290; ppageno 0'>
   <div class='ocr_carea' id='block_1_1' title="bbox 200 101 2283 160">
    <p class='ocr_par' dir='ltr' id='par_1_1' title="bbox 200 101 2283 160">
     <span class='ocr_line' id='line_1_1' title="bbox 200 101 2283 160; baseline -0.004 -9"><span class='ocrx_word' id='word_1_1' title='bbox 200 108 269 160; x_wconf 78' lang='lat'>32</span> <span class='ocrx_word' id='word_1_2' title='bbox 393 110 508 151; x_wconf 86' lang='lat' dir='ltr'>Pars</span> <span class='ocrx_word' id='word_1_3' title='bbox 539 107 573 148; x_wconf 83' lang='grc' dir='ltr'>Ι.</span> <span class='ocrx_word' id='word_1_4' title='bbox 632 106 787 149; x_wconf 84' lang='lat' dir='ltr'>Const.</span> <span class='ocrx_word' id='word_1_5' title='bbox 824 107 878 148; x_wconf 91' lang='lat' dir='ltr'>de</span> <span class='ocrx_word' id='word_1_6' title='bbox 909 105 1010 147; x_wconf 88' lang='lat' dir='ltr'>fide.</span> <span class='ocrx_word' id='word_1_7' title='bbox 1076 103 1187 159; x_wconf 87' lang='lat' dir='ltr'>Cap.</span> <span class='ocrx_word' id='word_1_8' title='bbox 1221 104 1281 145; x_wconf 90' lang='grc' dir='ltr'>ΙΙ.</span> <span class='ocrx_word' id='word_1_9' title='bbox 1339 102 1758 145; x_wconf 81' lang='lat' dir='ltr'>commentationes</span> <span class='ocrx_word' id='word_1_10' title='bbox 1793 101 1849 144; x_wconf 88' lang='lat' dir='ltr'>de</span> <span class='ocrx_word' id='word_1_11' title='bbox 1882 102 2118 156; x_wconf 81' lang='lat' dir='ltr'><strong>aliquibus</strong></span> <span class='ocrx_word' id='word_1_12' title='bbox 2151 102 2283 144; x_wconf 88' lang='lat' dir='ltr'>locis.</span> 
     </span>
    </p>
   </div>
   <div class='ocr_carea' id='block_1_2' title="bbox 188 247 2477 1859">
    <p class='ocr_par' dir='ltr' id='par_1_2' title="bbox 196 247 2477 581">
     <span class='ocr_line' id='line_1_2' title="bbox 198 247 2473 324; baseline -0.002 -16"><span class='ocrx_word' id='word_1_13' title='bbox 198 254 394 308; x_wconf 91' lang='lat' dir='ltr'>eadem</span> <span class='ocrx_word' id='word_1_14' title='bbox 433 252 697 324; x_wconf 87' lang='lat' dir='ltr'>loquendi</span> <span class='ocrx_word' id='word_1_15' title='bbox 738 251 878 304; x_wconf 87' lang='lat' dir='ltr'>ratio</span> <span class='ocrx_word' id='word_1_16' title='bbox 923 250 1178 321; x_wconf 87' lang='lat' dir='ltr'>designat</span> <span class='ocrx_word' id='word_1_17' title='bbox 1215 250 1588 319; x_wconf 73' lang='lat' dir='ltr'>particularem</span> <span class='ocrx_word' id='word_1_18' title='bbox 1630 248 1943 301; x_wconf 86' lang='lat' dir='ltr'>Romanam</span> <span class='ocrx_word' id='word_1_19' title='bbox 1984 247 2294 301; x_wconf 82' lang='lat' dir='ltr'>Ecclesiam</span> <span class='ocrx_word' id='word_1_20' title='bbox 2336 249 2473 318; x_wconf 87' lang='lat' dir='ltr'>,Ma-</span> 
     </span>
     <span class='ocr_line' id='line_1_3' title="bbox 196 333 2477 407; baseline -0.002 -14"><span class='ocrx_word' id='word_1_21' title='bbox 196 345 338 393; x_wconf 86' lang='lat' dir='ltr'>trem</span> <span class='ocrx_word' id='word_1_22' title='bbox 381 344 434 392; x_wconf 91' lang='lat' dir='ltr'>et</span> <span class='ocrx_word' id='word_1_23' title='bbox 456 338 779 407; x_wconf 86' lang='lat' dir='ltr'>Magistram</span> <span class='ocrx_word' id='word_1_24' title='bbox 820 337 1066 388; x_wconf 91' lang='lat' dir='ltr'>omnium</span> <span class='ocrx_word' id='word_1_25' title='bbox 1095 335 1511 400; x_wconf 77' lang='lat' dir='ltr'>Ecclesiarum‘,</span> <span class='ocrx_word' id='word_1_26' title='bbox 1552 334 1790 404; x_wconf 90' lang='lat' dir='ltr'>ideoque</span> <span class='ocrx_word' id='word_1_27' title='bbox 1833 333 2098 403; x_wconf 89' lang='lat' dir='ltr'>ambigua</span> <span class='ocrx_word' id='word_1_28' title='bbox 2137 333 2377 390; x_wconf 87' lang='lat' dir='ltr'>videtur.</span> <span class='ocrx_word' id='word_1_29' title='bbox 2408 365 2477 375; x_wconf 84' lang='lat'>-</span> 
     </span>
     <span class='ocr_line' id='line_1_4' title="bbox 198 419 2476 493; baseline -0.002 -15"><span class='ocrx_word' id='word_1_30' title='bbox 198 429 247 479; x_wconf 84' lang='lat'>4.</span> <span class='ocrx_word' id='word_1_31' title='bbox 287 425 542 488; x_wconf 91' lang='lat' dir='ltr'>Demum,</span> <span class='ocrx_word' id='word_1_32' title='bbox 586 423 714 493; x_wconf 91' lang='lat' dir='ltr'>quia</span> <span class='ocrx_word' id='word_1_33' title='bbox 754 440 866 475; x_wconf 90' lang='lat' dir='ltr'>non</span> <span class='ocrx_word' id='word_1_34' title='bbox 908 427 991 474; x_wconf 91' lang='lat' dir='ltr'>est</span> <span class='ocrx_word' id='word_1_35' title='bbox 1031 440 1141 474; x_wconf 80' lang='lat' dir='ltr'>vox</span> <span class='ocrx_word' id='word_1_36' title='bbox 1184 422 1387 474; x_wconf 88' lang='lat' dir='ltr'>usitata</span> <span class='ocrx_word' id='word_1_37' title='bbox 1427 437 1529 473; x_wconf 93' lang='lat' dir='ltr'>nec</span> <span class='ocrx_word' id='word_1_38' title='bbox 1571 420 1627 472; x_wconf 91' lang='lat' dir='ltr'>in</span> <span class='ocrx_word' id='word_1_39' title='bbox 1657 419 1937 491; x_wconf 83' lang='lat' dir='ltr'>Symbolis</span> <span class='ocrx_word' id='word_1_40' title='bbox 1980 436 2083 472; x_wconf 91' lang='lat' dir='ltr'>nec</span> <span class='ocrx_word' id='word_1_41' title='bbox 2125 419 2181 471; x_wconf 90' lang='lat' dir='ltr'>in</span> <span class='ocrx_word' id='word_1_42' title='bbox 2211 419 2476 475; x_wconf 83' lang='lat' dir='ltr'>Conciliis</span> 
     </span>
     <span class='ocr_line' id='line_1_5' title="bbox 196 506 1320 581; baseline -0.005 -17"><span class='ocrx_word' id='word_1_43' title='bbox 196 509 567 581; x_wconf 79' lang='lat' dir='ltr'>generalibUS,</span> <span class='ocrx_word' id='word_1_44' title='bbox 611 525 709 577; x_wconf 91' lang='lat' dir='ltr'>per</span> <span class='ocrx_word' id='word_1_45' title='bbox 752 513 1019 578; x_wconf 89' lang='lat' dir='ltr'>quantum</span> <span class='ocrx_word' id='word_1_46' title='bbox 1061 506 1320 560; x_wconf 82' lang='lat' dir='ltr'>sciam.“1</span> 
     </span>
    </p>

    <p class='ocr_par' dir='ltr' id='par_1_3' title="bbox 188 590 2476 1859">
     <span class='ocr_line' id='line_1_6' title="bbox 344 590 2476 662; baseline -0 -16"><span class='ocrx_word' id='word_1_47' title='bbox 344 594 447 646; x_wconf 89' lang='lat' dir='ltr'>His</span> <span class='ocrx_word' id='word_1_48' title='bbox 487 592 792 646; x_wconf 87' lang='lat' dir='ltr'>rationibus</span> <span class='ocrx_word' id='word_1_49' title='bbox 831 593 993 645; x_wconf 78' lang='lat' dir='ltr'>cessit</span> <span class='ocrx_word' id='word_1_50' title='bbox 1023 591 1310 661; x_wconf 78' lang='lat' dir='ltr'>deputatio</span> <span class='ocrx_word' id='word_1_51' title='bbox 1341 596 1507 661; x_wconf 88' lang='lat' dir='ltr'>atque</span> <span class='ocrx_word' id='word_1_52' title='bbox 1538 607 1661 643; x_wconf 90' lang='lat' dir='ltr'>eam</span> <span class='ocrx_word' id='word_1_53' title='bbox 1691 590 2155 658; x_wconf 80' lang='lat' dir='ltr'>emendationem,</span> <span class='ocrx_word' id='word_1_54' title='bbox 2199 608 2307 662; x_wconf 89' lang='lat' dir='ltr'>qua</span> <span class='ocrx_word' id='word_1_55' title='bbox 2333 610 2476 645; x_wconf 92' lang='lat' dir='ltr'>unus</span> 
     </span>
     <span class='ocr_line' id='line_1_7' title="bbox 196 676 2474 747; baseline -0.001 -15"><span class='ocrx_word' id='word_1_56' title='bbox 196 698 267 733; x_wconf 76' lang='lat' dir='ltr'>ex</span> <span class='ocrx_word' id='word_1_57' title='bbox 307 679 569 732; x_wconf 89' lang='lat' dir='ltr'>Patribus</span> <span class='ocrx_word' id='word_1_58' title='bbox 609 678 665 730; x_wconf 93' lang='lat' dir='ltr'>in</span> <span class='ocrx_word' id='word_1_59' title='bbox 695 677 1144 747; x_wconf 83' lang='lat' dir='ltr'>Congregatione</span> <span class='ocrx_word' id='word_1_60' title='bbox 1187 676 1437 746; x_wconf 88' lang='lat' dir='ltr'>generali</span> <span class='ocrx_word' id='word_1_61' title='bbox 1482 681 1846 746; x_wconf 77' lang='lat' dir='ltr'>proposuerat</span> <span class='ocrx_word' id='word_1_62' title='bbox 1887 676 2059 729; x_wconf 82' lang='lat' dir='ltr'>verba</span> <span class='ocrx_word' id='word_1_63' title='bbox 2105 676 2346 743; x_wconf 82' lang='lat' dir='ltr'>„Sancta</span> <span class='ocrx_word' id='word_1_64' title='bbox 2386 694 2474 730; x_wconf 86' lang='lat' dir='ltr'>ca·</span> 
     </span>
     <span class='ocr_line' id='line_1_8' title="bbox 194 759 2476 834; baseline -0.001 -17"><span class='ocrx_word' id='word_1_65' title='bbox 194 765 400 818; x_wconf 89' lang='lat' dir='ltr'>tholica</span> <span class='ocrx_word' id='word_1_66' title='bbox 431 764 756 834; x_wconf 88' lang='lat' dir='ltr'>Apostolica</span> <span class='ocrx_word' id='word_1_67' title='bbox 796 763 1050 815; x_wconf 89' lang='lat' dir='ltr'>Romana</span> <span class='ocrx_word' id='word_1_68' title='bbox 1089 762 1394 829; x_wconf 83' lang='lat' dir='ltr'>Ecclesia“,</span> <span class='ocrx_word' id='word_1_69' title='bbox 1438 759 1831 814; x_wconf 86' lang='lat' dir='ltr'>commendare</span> <span class='ocrx_word' id='word_1_70' title='bbox 1875 762 2159 814; x_wconf 86' lang='lat' dir='ltr'>constituit</span> <span class='ocrx_word' id='word_1_71' title='bbox 2175 759 2213 816; x_wconf 85' lang='lat'>².</span> <span class='ocrx_word' id='word_1_72' title='bbox 2290 761 2476 815; x_wconf 87' lang='lat' dir='ltr'>Brixi-</span> 
     </span>
     <span class='ocr_line' id='line_1_9' title="bbox 193 845 2475 919; baseline -0.001 -17"><span class='ocrx_word' id='word_1_73' title='bbox 193 851 405 916; x_wconf 77' lang='lat' dir='ltr'>nensiS,</span> <span class='ocrx_word' id='word_1_74' title='bbox 460 867 628 919; x_wconf 87' lang='lat' dir='ltr'>quum</span> <span class='ocrx_word' id='word_1_75' title='bbox 669 849 724 900; x_wconf 92' lang='lat' dir='ltr'>in</span> <span class='ocrx_word' id='word_1_76' title='bbox 769 847 1217 917; x_wconf 85' lang='lat' dir='ltr'>Congregatione</span> <span class='ocrx_word' id='word_1_77' title='bbox 1261 847 1511 917; x_wconf 83' lang='lat' dir='ltr'>generali</span> <span class='ocrx_word' id='word_1_78' title='bbox 1552 845 1982 916; x_wconf 86' lang='lat' dir='ltr'>quadragesima</span> <span class='ocrx_word' id='word_1_79' title='bbox 2034 852 2194 901; x_wconf 83' lang='lat' dir='ltr'>sexta</span> <span class='ocrx_word' id='word_1_80' title='bbox 2235 846 2303 900; x_wconf 91' lang='lat' dir='ltr'>de</span> <span class='ocrx_word' id='word_1_81' title='bbox 2346 865 2475 901; x_wconf 89' lang='lat' dir='ltr'>oon-</span> 
     </span>
     <span class='ocr_line' id='line_1_10' title="bbox 193 930 2474 1002; baseline -0.001 -15"><span class='ocrx_word' id='word_1_82' title='bbox 193 934 491 987; x_wconf 85' lang='lat' dir='ltr'>ditionibus</span> <span class='ocrx_word' id='word_1_83' title='bbox 510 952 541 986; x_wconf 89' lang='lat' dir='ltr'>a</span> <span class='ocrx_word' id='word_1_84' title='bbox 562 933 822 985; x_wconf 88' lang='lat' dir='ltr'>Patribus</span> <span class='ocrx_word' id='word_1_85' title='bbox 841 933 1070 985; x_wconf 88' lang='lat' dir='ltr'>adiectis</span> <span class='ocrx_word' id='word_1_86' title='bbox 1093 933 1316 985; x_wconf 89' lang='lat' dir='ltr'>nomine</span> <span class='ocrx_word' id='word_1_87' title='bbox 1341 931 1716 1002; x_wconf 88' lang='lat' dir='ltr'>deputationis</span> <span class='ocrx_word' id='word_1_88' title='bbox 1740 930 2004 984; x_wconf 83' lang='lat' dir='ltr'>referret:</span> <span class='ocrx_word' id='word_1_89' title='bbox 2038 932 2233 999; x_wconf 89' lang='lat' dir='ltr'>„Unus</span> <span class='ocrx_word' id='word_1_90' title='bbox 2260 934 2474 985; x_wconf 80' lang='lat' dir='ltr'>alterve</span> 
     </span>
     <span class='ocr_line' id='line_1_11' title="bbox 192 1016 2474 1089; baseline -0.001 -17"><span class='ocrx_word' id='word_1_91' title='bbox 192 1019 422 1072; x_wconf 87' lang='lat' dir='ltr'>Patrum</span> <span class='ocrx_word' id='word_1_92' title='bbox 466 1018 837 1089; x_wconf 88' lang='lat' dir='ltr'>deputationis</span> <span class='ocrx_word' id='word_1_93' title='bbox 880 1017 947 1070; x_wconf 91' lang='lat' dir='ltr'>de</span> <span class='ocrx_word' id='word_1_94' title='bbox 991 1017 1099 1070; x_wconf 92' lang='lat' dir='ltr'>fide</span> <span class='ocrx_word' id='word_1_95' title='bbox 1142 1017 1432 1084; x_wconf 83' lang='lat' dir='ltr'>credidit“,</span> <span class='ocrx_word' id='word_1_96' title='bbox 1476 1018 1681 1087; x_wconf 85' lang='lat' dir='ltr'>inquit,</span> <span class='ocrx_word' id='word_1_97' title='bbox 1735 1058 1780 1083; x_wconf 88' lang='lat'>„.</span> <span class='ocrx_word' id='word_1_98' title='bbox 1826 1057 1836 1067; x_wconf 93' lang='lat'>.</span> <span class='ocrx_word' id='word_1_99' title='bbox 1882 1057 1892 1068; x_wconf 93' lang='lat'>.</span> <span class='ocrx_word' id='word_1_100' title='bbox 1934 1016 2080 1070; x_wconf 91' lang='lat' dir='ltr'>hanc</span> <span class='ocrx_word' id='word_1_101' title='bbox 2120 1035 2234 1070; x_wconf 91' lang='lat' dir='ltr'>rem</span> <span class='ocrx_word' id='word_1_102' title='bbox 2281 1018 2474 1088; x_wconf 87' lang='lat' dir='ltr'>(quae--</span> 
     </span>
     <span class='ocr_line' id='line_1_12' title="bbox 193 1101 2473 1174; baseline -0.002 -17"><span class='ocrx_word' id='word_1_103' title='bbox 193 1105 425 1158; x_wconf 90' lang='lat' dir='ltr'>stionem</span> <span class='ocrx_word' id='word_1_104' title='bbox 454 1103 521 1156; x_wconf 93' lang='lat' dir='ltr'>de</span> <span class='ocrx_word' id='word_1_105' title='bbox 550 1103 706 1156; x_wconf 91' lang='lat' dir='ltr'>initio</span> <span class='ocrx_word' id='word_1_106' title='bbox 737 1103 955 1173; x_wconf 89' lang='lat' dir='ltr'>capitis)</span> <span class='ocrx_word' id='word_1_107' title='bbox 985 1104 1094 1155; x_wconf 87' lang='lat' dir='ltr'>iam</span> <span class='ocrx_word' id='word_1_108' title='bbox 1126 1121 1246 1155; x_wconf 90' lang='lat' dir='ltr'>esse</span> <span class='ocrx_word' id='word_1_109' title='bbox 1276 1102 1594 1168; x_wconf 88' lang='lat' dir='ltr'>iudicatam,</span> <span class='ocrx_word' id='word_1_110' title='bbox 1635 1103 1712 1154; x_wconf 88' lang='lat' dir='ltr'>ita</span> <span class='ocrx_word' id='word_1_111' title='bbox 1753 1108 1814 1154; x_wconf 91' lang='lat' dir='ltr'>ut</span> <span class='ocrx_word' id='word_1_112' title='bbox 1846 1101 1913 1154; x_wconf 89' lang='lat' dir='ltr'>ab</span> <span class='ocrx_word' id='word_1_113' title='bbox 1944 1102 2040 1154; x_wconf 90' lang='lat' dir='ltr'>illa</span> <span class='ocrx_word' id='word_1_114' title='bbox 2081 1120 2193 1155; x_wconf 92' lang='lat' dir='ltr'>non</span> <span class='ocrx_word' id='word_1_115' title='bbox 2235 1102 2473 1174; x_wconf 75' lang='lat' dir='ltr'>amplius</span> 
     </span>
     <span class='ocr_line' id='line_1_13' title="bbox 192 1188 2465 1259; baseline -0 -17"><span class='ocrx_word' id='word_1_116' title='bbox 192 1190 261 1243; x_wconf 91' lang='lat' dir='ltr'>sit</span> <span class='ocrx_word' id='word_1_117' title='bbox 301 1188 704 1256; x_wconf 89' lang='lat' dir='ltr'>recedendum;</span> <span class='ocrx_word' id='word_1_118' title='bbox 759 1189 855 1242; x_wconf 89' lang='lat' dir='ltr'>sed</span> <span class='ocrx_word' id='word_1_119' title='bbox 897 1207 1093 1259; x_wconf 83' lang='lat' dir='ltr'>reapse</span> <span class='ocrx_word' id='word_1_120' title='bbox 1136 1189 1240 1242; x_wconf 89' lang='lat' dir='ltr'>hac</span> <span class='ocrx_word' id='word_1_121' title='bbox 1283 1189 1349 1242; x_wconf 91' lang='lat' dir='ltr'>de</span> <span class='ocrx_word' id='word_1_122' title='bbox 1393 1207 1450 1241; x_wconf 86' lang='lat' dir='ltr'>re</span> <span class='ocrx_word' id='word_1_123' title='bbox 1494 1207 1605 1241; x_wconf 91' lang='lat' dir='ltr'>non</span> <span class='ocrx_word' id='word_1_124' title='bbox 1647 1193 1729 1240; x_wconf 90' lang='lat' dir='ltr'>est</span> <span class='ocrx_word' id='word_1_125' title='bbox 1770 1188 2094 1241; x_wconf 90' lang='lat' dir='ltr'>iudicatum.</span> <span class='ocrx_word' id='word_1_126' title='bbox 2161 1188 2325 1250; x_wconf 81' lang='lat' dir='ltr'>Quod</span> <span class='ocrx_word' id='word_1_127' title='bbox 2364 1189 2465 1242; x_wconf 83' lang='lat' dir='ltr'>vir-</span> 
     </span>
     <span class='ocr_line' id='line_1_14' title="bbox 190 1274 2467 1345; baseline 0 -17"><span class='ocrx_word' id='word_1_128' title='bbox 190 1275 323 1344; x_wconf 85' lang='lat' dir='ltr'>gula</span> <span class='ocrx_word' id='word_1_129' title='bbox 362 1293 471 1328; x_wconf 93' lang='lat' dir='ltr'>non</span> <span class='ocrx_word' id='word_1_130' title='bbox 514 1274 716 1327; x_wconf 88' lang='lat' dir='ltr'>debeat</span> <span class='ocrx_word' id='word_1_131' title='bbox 765 1275 1047 1345; x_wconf 91' lang='lat' dir='ltr'>interponi</span> <span class='ocrx_word' id='word_1_132' title='bbox 1089 1276 1232 1327; x_wconf 89' lang='lat' dir='ltr'>inter</span> <span class='ocrx_word' id='word_1_133' title='bbox 1285 1274 1459 1327; x_wconf 80' lang='lat' dir='ltr'>verba</span> <span class='ocrx_word' id='word_1_134' title='bbox 1502 1274 1774 1339; x_wconf 89' lang='lat' dir='ltr'>,Romana</span> <span class='ocrx_word' id='word_1_135' title='bbox 1824 1274 2134 1341; x_wconf 81' lang='lat' dir='ltr'>catholica‘,</span> <span class='ocrx_word' id='word_1_136' title='bbox 2189 1275 2328 1329; x_wconf 85' lang='lat' dir='ltr'>haec</span> <span class='ocrx_word' id='word_1_137' title='bbox 2383 1293 2467 1329; x_wconf 80' lang='lat' dir='ltr'>res</span> 
     </span>
     <span class='ocr_line' id='line_1_15' title="bbox 192 1359 2470 1431; baseline 0 -18"><span class='ocrx_word' id='word_1_138' title='bbox 192 1367 273 1414; x_wconf 91' lang='lat' dir='ltr'>est</span> <span class='ocrx_word' id='word_1_139' title='bbox 317 1361 584 1426; x_wconf 70' lang='lat' dir='ltr'>iudicata,</span> <span class='ocrx_word' id='word_1_140' title='bbox 643 1360 739 1413; x_wconf 86' lang='lat' dir='ltr'>sed</span> <span class='ocrx_word' id='word_1_141' title='bbox 794 1378 1067 1431; x_wconf 88' lang='lat' dir='ltr'>quaenam</span> <span class='ocrx_word' id='word_1_142' title='bbox 1119 1360 1495 1414; x_wconf 83' lang='lat' dir='ltr'>denominatio</span> <span class='ocrx_word' id='word_1_143' title='bbox 1550 1361 1619 1412; x_wconf 88' lang='lat' dir='ltr'>sit</span> <span class='ocrx_word' id='word_1_144' title='bbox 1671 1359 1991 1412; x_wconf 89' lang='lat' dir='ltr'>adhibenda</span> <span class='ocrx_word' id='word_1_145' title='bbox 2042 1360 2112 1413; x_wconf 89' lang='lat' dir='ltr'>ad</span> <span class='ocrx_word' id='word_1_146' title='bbox 2152 1361 2376 1414; x_wconf 89' lang='lat' dir='ltr'>unicam</span> <span class='ocrx_word' id='word_1_147' title='bbox 2417 1367 2470 1414; x_wconf 92' lang='lat' dir='ltr'>et</span> 
     </span>
     <span class='ocr_line' id='line_1_16' title="bbox 190 1445 2470 1517; baseline 0 -20"><span class='ocrx_word' id='word_1_148' title='bbox 190 1464 378 1500; x_wconf 87' lang='lat' dir='ltr'>veram</span> <span class='ocrx_word' id='word_1_149' title='bbox 407 1445 715 1498; x_wconf 78' lang='lat' dir='ltr'>Ecclesiam</span> <span class='ocrx_word' id='word_1_150' title='bbox 747 1445 951 1499; x_wconf 79' lang='lat' dir='ltr'>Christi</span> <span class='ocrx_word' id='word_1_151' title='bbox 993 1446 1047 1498; x_wconf 90' lang='lat' dir='ltr'>in</span> <span class='ocrx_word' id='word_1_152' title='bbox 1090 1446 1251 1499; x_wconf 89' lang='lat' dir='ltr'>terris</span> <span class='ocrx_word' id='word_1_153' title='bbox 1279 1445 1650 1513; x_wconf 78' lang='lat' dir='ltr'>indicandam,</span> <span class='ocrx_word' id='word_1_154' title='bbox 1694 1446 1797 1497; x_wconf 89' lang='lat' dir='ltr'>hac</span> <span class='ocrx_word' id='word_1_155' title='bbox 1824 1445 1891 1498; x_wconf 92' lang='lat' dir='ltr'>de</span> <span class='ocrx_word' id='word_1_156' title='bbox 1922 1464 1980 1499; x_wconf 91' lang='lat' dir='ltr'>re</span> <span class='ocrx_word' id='word_1_157' title='bbox 2006 1465 2119 1500; x_wconf 89' lang='lat' dir='ltr'>non</span> <span class='ocrx_word' id='word_1_158' title='bbox 2161 1452 2243 1499; x_wconf 92' lang='lat' dir='ltr'>est</span> <span class='ocrx_word' id='word_1_159' title='bbox 2285 1446 2470 1517; x_wconf 91' lang='lat' dir='ltr'>dispu-</span> 
     </span>
     <span class='ocr_line' id='line_1_17' title="bbox 189 1531 2470 1602; baseline 0 -19"><span class='ocrx_word' id='word_1_160' title='bbox 189 1536 364 1584; x_wconf 80' lang='lat' dir='ltr'>tatum</span> <span class='ocrx_word' id='word_1_161' title='bbox 418 1548 520 1583; x_wconf 88' lang='lat' dir='ltr'>nec</span> <span class='ocrx_word' id='word_1_162' title='bbox 563 1532 729 1583; x_wconf 89' lang='lat' dir='ltr'>etiam</span> <span class='ocrx_word' id='word_1_163' title='bbox 769 1531 1099 1597; x_wconf 80' lang='lat' dir='ltr'>iudicatum3</span> <span class='ocrx_word' id='word_1_164' title='bbox 1159 1532 1392 1602; x_wconf 87' lang='lat' dir='ltr'>proinde</span> <span class='ocrx_word' id='word_1_165' title='bbox 1434 1533 1599 1602; x_wconf 89' lang='lat' dir='ltr'>longe</span> <span class='ocrx_word' id='word_1_166' title='bbox 1642 1531 1817 1586; x_wconf 88' lang='lat' dir='ltr'>maior</span> <span class='ocrx_word' id='word_1_167' title='bbox 1870 1549 2028 1602; x_wconf 78' lang='lat' dir='ltr'>parS,</span> <span class='ocrx_word' id='word_1_168' title='bbox 2081 1532 2191 1585; x_wconf 90' lang='lat' dir='ltr'>imo</span> <span class='ocrx_word' id='word_1_169' title='bbox 2248 1532 2305 1584; x_wconf 91' lang='lat' dir='ltr'>in</span> <span class='ocrx_word' id='word_1_170' title='bbox 2360 1531 2470 1584; x_wconf 90' lang='lat' dir='ltr'>fine</span> 
     </span>
     <span class='ocr_line' id='line_1_18' title="bbox 188 1616 2471 1686; baseline -0 -16"><span class='ocrx_word' id='word_1_171' title='bbox 188 1622 305 1670; x_wconf 88' lang='lat' dir='ltr'>tota</span> <span class='ocrx_word' id='word_1_172' title='bbox 346 1617 632 1686; x_wconf 82' lang='lat' dir='ltr'>deputatio</span> <span class='ocrx_word' id='word_1_173' title='bbox 675 1617 742 1669; x_wconf 90' lang='lat' dir='ltr'>de</span> <span class='ocrx_word' id='word_1_174' title='bbox 784 1616 892 1669; x_wconf 90' lang='lat' dir='ltr'>fide</span> <span class='ocrx_word' id='word_1_175' title='bbox 935 1617 1197 1685; x_wconf 84' lang='lat' dir='ltr'>credidit,</span> <span class='ocrx_word' id='word_1_176' title='bbox 1242 1618 1403 1670; x_wconf 90' lang='lat' dir='ltr'>huius</span> <span class='ocrx_word' id='word_1_177' title='bbox 1447 1617 1790 1671; x_wconf 87' lang='lat' dir='ltr'>difficultatis</span> <span class='ocrx_word' id='word_1_178' title='bbox 1833 1618 2105 1670; x_wconf 88' lang='lat' dir='ltr'>rationem</span> <span class='ocrx_word' id='word_1_179' title='bbox 2153 1617 2471 1671; x_wconf 89' lang='lat' dir='ltr'>habendam</span> 
     </span>
     <span class='ocr_line' id='line_1_19' title="bbox 191 1702 2470 1774; baseline 0 -18"><span class='ocrx_word' id='word_1_180' title='bbox 191 1705 360 1756; x_wconf 83' lang='lat' dir='ltr'>esse.“</span> <span class='ocrx_word' id='word_1_181' title='bbox 387 1702 406 1734; x_wconf 78' lang='lat'><strong>³</strong></span> <span class='ocrx_word' id='word_1_182' title='bbox 471 1703 662 1755; x_wconf 86' lang='lat' dir='ltr'>Verba</span> <span class='ocrx_word' id='word_1_183' title='bbox 703 1722 734 1756; x_wconf 92' lang='lat' dir='ltr'>a</span> <span class='ocrx_word' id='word_1_184' title='bbox 776 1703 1138 1772; x_wconf 83' lang='lat' dir='ltr'>deputatione</span> <span class='ocrx_word' id='word_1_185' title='bbox 1181 1703 1359 1756; x_wconf 87' lang='lat' dir='ltr'>electa</span> <span class='ocrx_word' id='word_1_186' title='bbox 1403 1704 1815 1757; x_wconf 78' lang='lat' dir='ltr'>commendavit</span> <span class='ocrx_word' id='word_1_187' title='bbox 1856 1709 2024 1774; x_wconf 90' lang='lat' dir='ltr'>atque</span> <span class='ocrx_word' id='word_1_188' title='bbox 2066 1705 2310 1756; x_wconf 91' lang='lat' dir='ltr'>omnium</span> <span class='ocrx_word' id='word_1_189' title='bbox 2353 1704 2470 1757; x_wconf 89' lang='lat' dir='ltr'>fere</span> 
     </span>
     <span class='ocr_line' id='line_1_20' title="bbox 189 1788 950 1859; baseline 0.003 -18"><span class='ocrx_word' id='word_1_190' title='bbox 189 1789 420 1842; x_wconf 88' lang='lat' dir='ltr'>Patrum</span> <span class='ocrx_word' id='word_1_191' title='bbox 462 1789 588 1841; x_wconf 90' lang='lat' dir='ltr'>tulit</span> <span class='ocrx_word' id='word_1_192' title='bbox 629 1788 890 1859; x_wconf 82' lang='lat' dir='ltr'>suffragia</span> <span class='ocrx_word' id='word_1_193' title='bbox 913 1789 950 1843; x_wconf 69' lang='lat'>4.</span> 
     </span>
    </p>
   </div>
   <div class='ocr_carea' id='block_1_3' title="bbox 977 1952 1663 2007">
    <p class='ocr_par' dir='ltr' id='par_1_4' title="bbox 977 1952 1663 2007">
     <span class='ocr_line' id='line_1_21' title="bbox 977 1952 1663 2007; baseline 0.003 -2"><span class='ocrx_word' id='word_1_194' title='bbox 977 1952 1545 2006; x_wconf 75' lang='lat' dir='ltr'><strong>COMMENTATIO</strong></span> <span class='ocrx_word' id='word_1_195' title='bbox 1590 1952 1663 2007; x_wconf 89' lang='lat' dir='ltr'>II.</span> 
     </span>
    </p>
   </div>
   <div class='ocr_carea' id='block_1_4' title="bbox 457 2069 2197 2130">
    <p class='ocr_par' dir='ltr' id='par_1_5' title="bbox 457 2069 2197 2130">
     <span class='ocr_line' id='line_1_22' title="bbox 457 2069 2197 2130; baseline 0.001 -15"><span class='ocrx_word' id='word_1_196' title='bbox 457 2072 514 2117; x_wconf 81' lang='lat' dir='ltr'>De</span> <span class='ocrx_word' id='word_1_197' title='bbox 548 2070 845 2130; x_wconf 76' lang='lat' dir='ltr'>possibilitate</span> <span class='ocrx_word' id='word_1_198' title='bbox 880 2071 1028 2116; x_wconf 79' lang='lat' dir='ltr'>certae</span> <span class='ocrx_word' id='word_1_199' title='bbox 1062 2071 1283 2116; x_wconf 76' lang='lat' dir='ltr'>naturalis</span> <span class='ocrx_word' id='word_1_200' title='bbox 1318 2071 1581 2130; x_wconf 75' lang='lat' dir='ltr'>cognitionis</span> <span class='ocrx_word' id='word_1_201' title='bbox 1614 2070 1691 2116; x_wconf 85' lang='lat' dir='ltr'>Dei</span> <span class='ocrx_word' id='word_1_202' title='bbox 1726 2085 1751 2116; x_wconf 79' lang='lat' dir='ltr'>a.</span> <span class='ocrx_word' id='word_1_203' title='bbox 1785 2070 1970 2117; x_wconf 82' lang='lat' dir='ltr'>Concilio</span> <span class='ocrx_word' id='word_1_204' title='bbox 2004 2069 2197 2116; x_wconf 81' lang='lat' dir='ltr'>definita.</span> 
     </span>
    </p>
   </div>
   <div class='ocr_carea' id='block_1_5' title="bbox 188 2188 2470 2432">
    <p class='ocr_par' dir='ltr' id='par_1_6' title="bbox 188 2188 2470 2432">
     <span class='ocr_line' id='line_1_23' title="bbox 336 2188 2469 2260; baseline -0 -18"><span class='ocrx_word' id='word_1_205' title='bbox 336 2190 402 2242; x_wconf 90' lang='lat' dir='ltr'>In</span> <span class='ocrx_word' id='word_1_206' title='bbox 445 2189 625 2260; x_wconf 87' lang='lat' dir='ltr'>capite</span> <span class='ocrx_word' id='word_1_207' title='bbox 669 2189 843 2241; x_wconf 87' lang='lat' dir='ltr'>altero</span> <span class='ocrx_word' id='word_1_208' title='bbox 875 2188 1299 2242; x_wconf 85' lang='lat' dir='ltr'>Constitutionis</span> <span class='ocrx_word' id='word_1_209' title='bbox 1343 2189 1689 2259; x_wconf 82' lang='lat' dir='ltr'>dogmaticae</span> <span class='ocrx_word' id='word_1_210' title='bbox 1725 2189 1792 2242; x_wconf 91' lang='lat' dir='ltr'>de</span> <span class='ocrx_word' id='word_1_211' title='bbox 1821 2188 1930 2241; x_wconf 90' lang='lat' dir='ltr'>fide</span> <span class='ocrx_word' id='word_1_212' title='bbox 1963 2189 2209 2256; x_wconf 83' lang='lat' dir='ltr'>docetur,</span> <span class='ocrx_word' id='word_1_213' title='bbox 2250 2188 2469 2256; x_wconf 66' lang='lat' dir='ltr'>„Deumy</span> 
     </span>
     <span class='ocr_line' id='line_1_24' title="bbox 188 2275 2470 2344; baseline 0 -16"><span class='ocrx_word' id='word_1_214' title='bbox 188 2294 367 2330; x_wconf 73' lang='lat' dir='ltr'>rerum</span> <span class='ocrx_word' id='word_1_215' title='bbox 406 2277 640 2328; x_wconf 72' lang='lat' dir='ltr'>omnium</span> <span class='ocrx_word' id='word_1_216' title='bbox 675 2276 1003 2344; x_wconf 70' lang='lat' dir='ltr'>principium</span> <span class='ocrx_word' id='word_1_217' title='bbox 1045 2281 1088 2328; x_wconf 73' lang='lat' dir='ltr'>et</span> <span class='ocrx_word' id='word_1_218' title='bbox 1127 2275 1325 2344; x_wconf 79' lang='lat' dir='ltr'>finem,</span> <span class='ocrx_word' id='word_1_219' title='bbox 1367 2277 1608 2328; x_wconf 65' lang='lat' dir='ltr'>naturali</span> <span class='ocrx_word' id='word_1_220' title='bbox 1645 2276 1907 2329; x_wconf 74' lang='lat' dir='ltr'>humanae</span> <span class='ocrx_word' id='word_1_221' title='bbox 1946 2277 2170 2329; x_wconf 65' lang='lat' dir='ltr'>rationis</span> <span class='ocrx_word' id='word_1_222' title='bbox 2209 2276 2407 2328; x_wconf 74' lang='lat' dir='ltr'>lumine</span> <span class='ocrx_word' id='word_1_223' title='bbox 2445 2293 2470 2328; x_wconf 78' lang='lat'><em>6</em></span> 
     </span>
     <span class='ocr_line' id='line_1_25' title="bbox 188 2361 2469 2432; baseline -0 -18"><span class='ocrx_word' id='word_1_224' title='bbox 188 2362 339 2415; x_wconf 75' lang='lat' dir='ltr'>rebus</span> <span class='ocrx_word' id='word_1_225' title='bbox 390 2362 573 2413; x_wconf 71' lang='lat' dir='ltr'>creatis</span> <span class='ocrx_word' id='word_1_226' title='bbox 622 2366 751 2413; x_wconf 75' lang='lat' dir='ltr'>certo</span> <span class='ocrx_word' id='word_1_227' title='bbox 802 2362 1032 2429; x_wconf 61' lang='lat' dir='ltr'>comzoscz’</span> <span class='ocrx_word' id='word_1_228' title='bbox 1072 2362 1264 2430; x_wconf 75' lang='lat' dir='ltr'>posse“,</span> <span class='ocrx_word' id='word_1_229' title='bbox 1318 2366 1372 2414; x_wconf 92' lang='lat' dir='ltr'>et</span> <span class='ocrx_word' id='word_1_230' title='bbox 1427 2379 1638 2414; x_wconf 85' lang='lat' dir='ltr'>canone</span> <span class='ocrx_word' id='word_1_231' title='bbox 1680 2361 2053 2432; x_wconf 78' lang='lat' dir='ltr'>respondente</span> <span class='ocrx_word' id='word_1_232' title='bbox 2105 2361 2469 2431; x_wconf 83' lang='lat' dir='ltr'>proscribitur</span> 
     </span>
    </p>
   </div>
   <div class='ocr_carea' id='block_1_6' title="bbox 184 2533 2471 3985">
    <p class='ocr_par' dir='ltr' id='par_1_7' title="bbox 184 2533 2471 3985">
     <span class='ocr_line' id='line_1_26' title="bbox 189 2533 2471 2598; baseline 0 -17"><span class='ocrx_word' id='word_1_233' title='bbox 189 2533 304 2582; x_wconf 87' lang='lat' dir='ltr'>adv.</span> <span class='ocrx_word' id='word_1_234' title='bbox 343 2534 526 2596; x_wconf 86' lang='lat' dir='ltr'>anglic.</span> <span class='ocrx_word' id='word_1_235' title='bbox 566 2539 688 2582; x_wconf 83' lang='lat' dir='ltr'>sect.</span> <span class='ocrx_word' id='word_1_236' title='bbox 732 2548 934 2581; x_wconf 87' lang='lat' dir='ltr'>errores</span> <span class='ocrx_word' id='word_1_237' title='bbox 973 2533 1003 2580; x_wconf 90' lang='lat' dir='ltr'>l.</span> <span class='ocrx_word' id='word_1_238' title='bbox 1043 2534 1142 2581; x_wconf 87' lang='lat' dir='ltr'>III.</span> <span class='ocrx_word' id='word_1_239' title='bbox 1182 2550 1223 2582; x_wconf 93' lang='lat' dir='ltr'>c.</span> <span class='ocrx_word' id='word_1_240' title='bbox 1254 2535 1299 2581; x_wconf 87' lang='grc'>8.</span> <span class='ocrx_word' id='word_1_241' title='bbox 1338 2550 1387 2582; x_wconf 87' lang='lat' dir='ltr'>n.</span> <span class='ocrx_word' id='word_1_242' title='bbox 1427 2538 1472 2582; x_wconf 74' lang='lat'>4.</span> <span class='ocrx_word' id='word_1_243' title='bbox 1511 2534 1573 2582; x_wconf 92' lang='lat' dir='ltr'>de</span> <span class='ocrx_word' id='word_1_244' title='bbox 1611 2533 1806 2582; x_wconf 82' lang='lat' dir='ltr'>Summi</span> <span class='ocrx_word' id='word_1_245' title='bbox 1843 2533 2109 2582; x_wconf 90' lang='lat' dir='ltr'>Pontificis</span> <span class='ocrx_word' id='word_1_246' title='bbox 2149 2550 2305 2598; x_wconf 89' lang='lat' dir='ltr'>supra</span> <span class='ocrx_word' id='word_1_247' title='bbox 2343 2537 2471 2582; x_wconf 91' lang='lat' dir='ltr'>tem-</span> 
     </span>
     <span class='ocr_line' id='line_1_27' title="bbox 184 2610 2468 2675; baseline 0 -16"><span class='ocrx_word' id='word_1_248' title='bbox 184 2611 388 2675; x_wconf 88' lang='lat' dir='ltr'>porales</span> <span class='ocrx_word' id='word_1_249' title='bbox 424 2627 573 2674; x_wconf 89' lang='lat' dir='ltr'>reges</span> <span class='ocrx_word' id='word_1_250' title='bbox 613 2611 919 2659; x_wconf 81' lang='lat' dir='ltr'>excellentia</span> <span class='ocrx_word' id='word_1_251' title='bbox 957 2617 1008 2659; x_wconf 86' lang='lat' dir='ltr'>et</span> <span class='ocrx_word' id='word_1_252' title='bbox 1043 2610 1354 2674; x_wconf 86' lang='lat' dir='ltr'>potestate‘:</span> <span class='ocrx_word' id='word_1_253' title='bbox 1406 2612 1503 2673; x_wconf 81' lang='lat' dir='ltr'>,Ex</span> <span class='ocrx_word' id='word_1_254' title='bbox 1541 2612 1630 2660; x_wconf 91' lang='lat' dir='ltr'>illa</span> <span class='ocrx_word' id='word_1_255' title='bbox 1667 2613 1929 2660; x_wconf 88' lang='lat' dir='ltr'>sententia</span> <span class='ocrx_word' id='word_1_256' title='bbox 1981 2612 2219 2675; x_wconf 90' lang='lat' dir='ltr'>sequitur</span> <span class='ocrx_word' id='word_1_257' title='bbox 2269 2616 2468 2675; x_wconf 88' lang='lat' dir='ltr'>aperte,</span> 
     </span>
     <span class='ocr_line' id='line_1_28' title="bbox 185 2689 2468 2753; baseline 0.001 -17"><span class='ocrx_word' id='word_1_258' title='bbox 185 2689 361 2752; x_wconf 89' lang='lat' dir='ltr'>plures</span> <span class='ocrx_word' id='word_1_259' title='bbox 400 2689 670 2750; x_wconf 89' lang='lat' dir='ltr'>ecclesias,</span> <span class='ocrx_word' id='word_1_260' title='bbox 725 2706 856 2752; x_wconf 87' lang='lat' dir='ltr'>quae</span> <span class='ocrx_word' id='word_1_261' title='bbox 895 2695 1014 2737; x_wconf 90' lang='lat' dir='ltr'>sunt</span> <span class='ocrx_word' id='word_1_262' title='bbox 1051 2691 1102 2737; x_wconf 89' lang='lat' dir='ltr'>in</span> <span class='ocrx_word' id='word_1_263' title='bbox 1140 2690 1368 2751; x_wconf 87' lang='lat' dir='ltr'>mundo,</span> <span class='ocrx_word' id='word_1_264' title='bbox 1417 2707 1520 2738; x_wconf 90' lang='lat' dir='ltr'>non</span> <span class='ocrx_word' id='word_1_265' title='bbox 1557 2691 1722 2753; x_wconf 85' lang='lat' dir='ltr'>magis</span> <span class='ocrx_word' id='word_1_266' title='bbox 1761 2692 2082 2739; x_wconf 87' lang='lat' dir='ltr'>constituere</span> <span class='ocrx_word' id='word_1_267' title='bbox 2120 2690 2468 2740; x_wconf 88' lang='lat' dir='ltr'>universalem</span> 
     </span>
     <span class='ocr_line' id='line_1_29' title="bbox 184 2767 2469 2832; baseline 0.001 -18"><span class='ocrx_word' id='word_1_268' title='bbox 184 2767 501 2827; x_wconf 86' lang='lat' dir='ltr'>Ecclesiam,</span> <span class='ocrx_word' id='word_1_269' title='bbox 556 2784 679 2830; x_wconf 75' lang='lat' dir='ltr'>quae</span> <span class='ocrx_word' id='word_1_270' title='bbox 725 2770 788 2816; x_wconf 69' lang='lat' dir='ltr'>sit</span> <span class='ocrx_word' id='word_1_271' title='bbox 831 2769 1037 2831; x_wconf 70' lang='lat' dir='ltr'>proprie</span> <span class='ocrx_word' id='word_1_272' title='bbox 1087 2785 1214 2829; x_wconf 66' lang='lat' dir='ltr'>ema,</span> <span class='ocrx_word' id='word_1_273' title='bbox 1268 2785 1422 2832; x_wconf 86' lang='lat' dir='ltr'>quam</span> <span class='ocrx_word' id='word_1_274' title='bbox 1460 2769 1612 2831; x_wconf 90' lang='lat' dir='ltr'>plura</span> <span class='ocrx_word' id='word_1_275' title='bbox 1651 2769 1959 2832; x_wconf 88' lang='lat' dir='ltr'>temporalia</span> <span class='ocrx_word' id='word_1_276' title='bbox 2007 2784 2169 2832; x_wconf 88' lang='lat' dir='ltr'>regna</span> <span class='ocrx_word' id='word_1_277' title='bbox 2207 2773 2329 2817; x_wconf 89' lang='lat' dir='ltr'>sunt</span> <span class='ocrx_word' id='word_1_278' title='bbox 2363 2785 2469 2817; x_wconf 90' lang='lat' dir='ltr'>una</span> 
     </span>
     <span class='ocr_line' id='line_1_30' title="bbox 184 2846 2470 2911; baseline 0.001 -19"><span class='ocrx_word' id='word_1_279' title='bbox 184 2846 480 2909; x_wconf 86' lang='lat' dir='ltr'>respublica</span> <span class='ocrx_word' id='word_1_280' title='bbox 518 2846 846 2909; x_wconf 85' lang='lat' dir='ltr'>temporalis,</span> <span class='ocrx_word' id='word_1_281' title='bbox 897 2847 980 2894; x_wconf 84' lang='lat' dir='ltr'>vel</span> <span class='ocrx_word' id='word_1_282' title='bbox 1019 2863 1177 2894; x_wconf 90' lang='lat' dir='ltr'>unum</span> <span class='ocrx_word' id='word_1_283' title='bbox 1216 2848 1489 2910; x_wconf 88' lang='lat' dir='ltr'>imperium</span> <span class='ocrx_word' id='word_1_284' title='bbox 1528 2851 1619 2895; x_wconf 89' lang='lat' dir='ltr'>aut</span> <span class='ocrx_word' id='word_1_285' title='bbox 1657 2846 1908 2911; x_wconf 85' lang='lat' dir='ltr'>regnum.‘</span> <span class='ocrx_word' id='word_1_286' title='bbox 1985 2848 2054 2895; x_wconf 85' lang='lat' dir='ltr'>At</span> <span class='ocrx_word' id='word_1_287' title='bbox 2091 2863 2230 2908; x_wconf 88' lang='lat' dir='ltr'>vero,</span> <span class='ocrx_word' id='word_1_288' title='bbox 2270 2847 2348 2895; x_wconf 90' lang='lat' dir='ltr'>uti</span> <span class='ocrx_word' id='word_1_289' title='bbox 2387 2863 2470 2895; x_wconf 91' lang='lat' dir='ltr'>su-</span> 
     </span>
     <span class='ocr_line' id='line_1_31' title="bbox 184 2924 2467 2988; baseline 0 -18"><span class='ocrx_word' id='word_1_290' title='bbox 184 2924 376 2986; x_wconf 85' lang='lat' dir='ltr'>periori</span> <span class='ocrx_word' id='word_1_291' title='bbox 415 2924 583 2985; x_wconf 87' lang='lat' dir='ltr'>capite</span> <span class='ocrx_word' id='word_1_292' title='bbox 622 2925 943 2972; x_wconf 85' lang='lat' dir='ltr'>declaratum</span> <span class='ocrx_word' id='word_1_293' title='bbox 983 2928 1087 2986; x_wconf 89' lang='lat' dir='ltr'>est,</span> <span class='ocrx_word' id='word_1_294' title='bbox 1138 2929 1189 2972; x_wconf 92' lang='lat' dir='ltr'>et</span> <span class='ocrx_word' id='word_1_295' title='bbox 1227 2941 1257 2972; x_wconf 89' lang='lat' dir='ltr'>a</span> <span class='ocrx_word' id='word_1_296' title='bbox 1294 2925 1378 2973; x_wconf 87' lang='lat' dir='ltr'>Fr.</span> <span class='ocrx_word' id='word_1_297' title='bbox 1418 2926 1606 2974; x_wconf 81' lang='lat' dir='ltr'>Suares</span> <span class='ocrx_word' id='word_1_298' title='bbox 1645 2926 1925 2988; x_wconf 86' lang='lat' dir='ltr'>exponitur</span> <span class='ocrx_word' id='word_1_299' title='bbox 1962 2926 2151 2975; x_wconf 91' lang='lat' dir='ltr'>ibidem</span> <span class='ocrx_word' id='word_1_300' title='bbox 2189 2926 2221 2973; x_wconf 92' lang='lat' dir='ltr'>l.</span> <span class='ocrx_word' id='word_1_301' title='bbox 2261 2925 2302 2973; x_wconf 93' lang='grc' dir='ltr'>Ι.</span> <span class='ocrx_word' id='word_1_302' title='bbox 2340 2941 2381 2974; x_wconf 89' lang='lat' dir='ltr'>c.</span> <span class='ocrx_word' id='word_1_303' title='bbox 2423 2926 2467 2986; x_wconf 81' lang='lat'>7,</span> 
     </span>
     <span class='ocr_line' id='line_1_32' title="bbox 187 3001 2469 3064; baseline 0.001 -15"><span class='ocrx_word' id='word_1_304' title='bbox 187 3002 386 3064; x_wconf 89' lang='lat' dir='ltr'>accepit</span> <span class='ocrx_word' id='word_1_305' title='bbox 424 3002 660 3050; x_wconf 89' lang='lat' dir='ltr'>Ecclesia</span> <span class='ocrx_word' id='word_1_306' title='bbox 697 3019 727 3050; x_wconf 90' lang='lat' dir='ltr'>a</span> <span class='ocrx_word' id='word_1_307' title='bbox 765 3001 972 3050; x_wconf 81' lang='lat' dir='ltr'>Christo</span> <span class='ocrx_word' id='word_1_308' title='bbox 1010 3004 1230 3051; x_wconf 91' lang='lat' dir='ltr'>Domino</span> <span class='ocrx_word' id='word_1_309' title='bbox 1270 3005 1676 3052; x_wconf 88' lang='lat' dir='ltr'>constituentem</span> <span class='ocrx_word' id='word_1_310' title='bbox 1714 3004 1934 3052; x_wconf 89' lang='lat' dir='ltr'>formam</span> <span class='ocrx_word' id='word_1_311' title='bbox 1984 3004 2247 3052; x_wconf 88' lang='lat' dir='ltr'>definitam</span> <span class='ocrx_word' id='word_1_312' title='bbox 2286 3019 2345 3051; x_wconf 88' lang='lat' dir='ltr'>ac</span> <span class='ocrx_word' id='word_1_313' title='bbox 2384 3003 2469 3051; x_wconf 90' lang='lat' dir='ltr'>de·</span> 
     </span>
     <span class='ocr_line' id='line_1_33' title="bbox 186 3079 2469 3144; baseline 0.001 -18"><span class='ocrx_word' id='word_1_314' title='bbox 186 3079 519 3126; x_wconf 87' lang='lat' dir='ltr'>terminatam</span> <span class='ocrx_word' id='word_1_315' title='bbox 559 3094 778 3141; x_wconf 88' lang='lat' dir='ltr'>eamque</span> <span class='ocrx_word' id='word_1_316' title='bbox 817 3080 1071 3127; x_wconf 81' lang='lat' dir='ltr'>visibilem</span> <span class='ocrx_word' id='word_1_317' title='bbox 1111 3096 1170 3128; x_wconf 87' lang='lat' dir='ltr'>ac</span> <span class='ocrx_word' id='word_1_318' title='bbox 1210 3082 1571 3143; x_wconf 89' lang='lat' dir='ltr'>conspicuam,</span> <span class='ocrx_word' id='word_1_319' title='bbox 1612 3097 1713 3144; x_wconf 87' lang='lat' dir='ltr'>qua</span> <span class='ocrx_word' id='word_1_320' title='bbox 1752 3086 1888 3129; x_wconf 89' lang='lat' dir='ltr'>esset</span> <span class='ocrx_word' id='word_1_321' title='bbox 1924 3097 2027 3129; x_wconf 89' lang='lat' dir='ltr'>una</span> <span class='ocrx_word' id='word_1_322' title='bbox 2066 3085 2294 3142; x_wconf 79' lang='lat' dir='ltr'>tantum3</span> <span class='ocrx_word' id='word_1_323' title='bbox 2348 3081 2469 3129; x_wconf 87' lang='lat' dir='ltr'>hino</span> 
     </span>
     <span class='ocr_line' id='line_1_34' title="bbox 187 3155 2469 3222; baseline 0.002 -20"><span class='ocrx_word' id='word_1_324' title='bbox 187 3156 259 3203; x_wconf 88' lang='lat' dir='ltr'>ait</span> <span class='ocrx_word' id='word_1_325' title='bbox 295 3156 431 3203; x_wconf 89' lang='lat' dir='ltr'>idem</span> <span class='ocrx_word' id='word_1_326' title='bbox 471 3155 658 3203; x_wconf 82' lang='lat' dir='ltr'>Suares</span> <span class='ocrx_word' id='word_1_327' title='bbox 695 3157 885 3204; x_wconf 88' lang='lat' dir='ltr'>ibidem</span> <span class='ocrx_word' id='word_1_328' title='bbox 925 3173 965 3205; x_wconf 90' lang='lat' dir='ltr'>c.</span> <span class='ocrx_word' id='word_1_329' title='bbox 1006 3159 1049 3205; x_wconf 78' lang='lat'>8.</span> <span class='ocrx_word' id='word_1_330' title='bbox 1087 3175 1136 3207; x_wconf 90' lang='lat' dir='ltr'>n.</span> <span class='ocrx_word' id='word_1_331' title='bbox 1176 3160 1235 3206; x_wconf 83' lang='lat'>3:</span> <span class='ocrx_word' id='word_1_332' title='bbox 1290 3157 1417 3206; x_wconf 81' lang='lat' dir='ltr'>Cum</span> <span class='ocrx_word' id='word_1_333' title='bbox 1470 3161 1537 3219; x_wconf 89' lang='lat' dir='ltr'>,in</span> <span class='ocrx_word' id='word_1_334' title='bbox 1578 3160 1810 3222; x_wconf 89' lang='lat' dir='ltr'>symbolo</span> <span class='ocrx_word' id='word_1_335' title='bbox 1849 3159 2222 3222; x_wconf 88' lang='lat' dir='ltr'>Apostolorum</span> <span class='ocrx_word' id='word_1_336' title='bbox 2259 3158 2469 3222; x_wconf 86' lang='lat' dir='ltr'>profite-</span> 
     </span>
     <span class='ocr_line' id='line_1_35' title="bbox 185 3233 2468 3299; baseline 0.002 -19"><span class='ocrx_word' id='word_1_337' title='bbox 185 3249 315 3293; x_wconf 87' lang='lat' dir='ltr'>mur,</span> <span class='ocrx_word' id='word_1_338' title='bbox 354 3248 447 3280; x_wconf 90' lang='lat' dir='ltr'>nos</span> <span class='ocrx_word' id='word_1_339' title='bbox 484 3233 695 3281; x_wconf 87' lang='lat' dir='ltr'>credere</span> <span class='ocrx_word' id='word_1_340' title='bbox 730 3239 958 3281; x_wconf 87' lang='lat' dir='ltr'>sanctam</span> <span class='ocrx_word' id='word_1_341' title='bbox 985 3235 1273 3284; x_wconf 87' lang='lat' dir='ltr'>Ecclesiam</span> <span class='ocrx_word' id='word_1_342' title='bbox 1308 3238 1614 3285; x_wconf 88' lang='lat' dir='ltr'>catholicam</span> <span class='ocrx_word' id='word_1_343' title='bbox 1655 3275 1664 3285; x_wconf 93' lang='lat'>.</span> <span class='ocrx_word' id='word_1_344' title='bbox 1704 3273 1714 3284; x_wconf 90' lang='lat'>.</span> <span class='ocrx_word' id='word_1_345' title='bbox 1754 3274 1782 3298; x_wconf 93' lang='lat'>.,</span> <span class='ocrx_word' id='word_1_346' title='bbox 1819 3237 1917 3285; x_wconf 88' lang='lat' dir='ltr'>hoc</span> <span class='ocrx_word' id='word_1_347' title='bbox 1953 3237 2348 3299; x_wconf 87' lang='lat' dir='ltr'>intelligendum</span> <span class='ocrx_word' id='word_1_348' title='bbox 2388 3240 2468 3285; x_wconf 82' lang='lat' dir='ltr'>est</span> 
     </span>
     <span class='ocr_line' id='line_1_36' title="bbox 187 3310 2464 3373; baseline 0.002 -15"><span class='ocrx_word' id='word_1_349' title='bbox 187 3310 249 3358; x_wconf 92' lang='lat' dir='ltr'>de</span> <span class='ocrx_word' id='word_1_350' title='bbox 287 3316 418 3357; x_wconf 72' lang='lat' dir='ltr'>certa</span> <span class='ocrx_word' id='word_1_351' title='bbox 468 3315 509 3357; x_wconf 72' lang='lat' dir='ltr'>et</span> <span class='ocrx_word' id='word_1_352' title='bbox 555 3311 806 3373; x_wconf 68' lang='lat' dir='ltr'>se&#39;nyulari</span> <span class='ocrx_word' id='word_1_353' title='bbox 839 3311 1088 3360; x_wconf 88' lang='lat' dir='ltr'>Ecclesia.</span> <span class='ocrx_word' id='word_1_354' title='bbox 1162 3313 1292 3362; x_wconf 81' lang='lat' dir='ltr'>Cum</span> <span class='ocrx_word' id='word_1_355' title='bbox 1341 3314 1474 3362; x_wconf 91' lang='lat' dir='ltr'>enim</span> <span class='ocrx_word' id='word_1_356' title='bbox 1524 3330 1648 3363; x_wconf 83' lang='lat' dir='ltr'>vera</span> <span class='ocrx_word' id='word_1_357' title='bbox 1683 3315 1918 3363; x_wconf 89' lang='lat' dir='ltr'>Ecclesia</span> <span class='ocrx_word' id='word_1_358' title='bbox 1955 3316 2211 3363; x_wconf 89' lang='lat' dir='ltr'>catholica</span> <span class='ocrx_word' id='word_1_359' title='bbox 2261 3319 2464 3364; x_wconf 86' lang='lat' dir='ltr'>tantum</span> 
     </span>
     <span class='ocr_line' id='line_1_37' title="bbox 187 3387 2462 3454; baseline 0.003 -20"><span class='ocrx_word' id='word_1_360' title='bbox 187 3388 252 3435; x_wconf 88' lang='lat' dir='ltr'>sit</span> <span class='ocrx_word' id='word_1_361' title='bbox 288 3403 419 3448; x_wconf 87' lang='lat' dir='ltr'>una,</span> <span class='ocrx_word' id='word_1_362' title='bbox 468 3387 734 3435; x_wconf 86' lang='lat' dir='ltr'>individua</span> <span class='ocrx_word' id='word_1_363' title='bbox 783 3392 834 3435; x_wconf 89' lang='lat' dir='ltr'>et</span> <span class='ocrx_word' id='word_1_364' title='bbox 870 3389 1201 3452; x_wconf 88' lang='lat' dir='ltr'>particularis</span> <span class='ocrx_word' id='word_1_365' title='bbox 1242 3430 1252 3440; x_wconf 92' lang='lat'>.</span> <span class='ocrx_word' id='word_1_366' title='bbox 1291 3429 1302 3441; x_wconf 93' lang='lat'>.</span> <span class='ocrx_word' id='word_1_367' title='bbox 1341 3429 1351 3439; x_wconf 90' lang='lat'>.</span> <span class='ocrx_word' id='word_1_368' title='bbox 1392 3408 1455 3439; x_wconf 81' lang='lat' dir='ltr'>ex</span> <span class='ocrx_word' id='word_1_369' title='bbox 1503 3394 1552 3440; x_wconf 85' lang='lat' dir='ltr'>vi</span> <span class='ocrx_word' id='word_1_370' title='bbox 1600 3393 1738 3441; x_wconf 89' lang='lat' dir='ltr'>illius</span> <span class='ocrx_word' id='word_1_371' title='bbox 1786 3392 1907 3441; x_wconf 90' lang='lat' dir='ltr'>fidei</span> <span class='ocrx_word' id='word_1_372' title='bbox 1956 3397 2194 3441; x_wconf 89' lang='lat' dir='ltr'>tenemur</span> <span class='ocrx_word' id='word_1_373' title='bbox 2232 3392 2462 3454; x_wconf 89' lang='lat' dir='ltr'>credere,</span> 
     </span>
     <span class='ocr_line' id='line_1_38' title="bbox 184 3465 2463 3534; baseline 0.004 -23"><span class='ocrx_word' id='word_1_374' title='bbox 184 3465 326 3512; x_wconf 88' lang='lat' dir='ltr'>illam</span> <span class='ocrx_word' id='word_1_375' title='bbox 364 3480 475 3512; x_wconf 91' lang='lat' dir='ltr'>esse</span> <span class='ocrx_word' id='word_1_376' title='bbox 510 3480 683 3512; x_wconf 87' lang='lat' dir='ltr'>veram</span> <span class='ocrx_word' id='word_1_377' title='bbox 722 3465 1035 3527; x_wconf 89' lang='lat' dir='ltr'>Ecclesiam,</span> <span class='ocrx_word' id='word_1_378' title='bbox 1086 3468 1138 3515; x_wconf 90' lang='lat' dir='ltr'>in</span> <span class='ocrx_word' id='word_1_379' title='bbox 1178 3485 1281 3532; x_wconf 87' lang='lat' dir='ltr'>qua</span> <span class='ocrx_word' id='word_1_380' title='bbox 1319 3486 1527 3531; x_wconf 87' lang='lat' dir='ltr'>sumus,</span> <span class='ocrx_word' id='word_1_381' title='bbox 1584 3476 1635 3518; x_wconf 89' lang='lat' dir='ltr'>et</span> <span class='ocrx_word' id='word_1_382' title='bbox 1672 3471 1820 3518; x_wconf 87' lang='lat' dir='ltr'>cuius</span> <span class='ocrx_word' id='word_1_383' title='bbox 1857 3469 2010 3517; x_wconf 89' lang='lat' dir='ltr'>fidem</span> <span class='ocrx_word' id='word_1_384' title='bbox 2048 3470 2371 3534; x_wconf 89' lang='lat' dir='ltr'>profitemur,</span> <span class='ocrx_word' id='word_1_385' title='bbox 2410 3474 2463 3519; x_wconf 84' lang='lat' dir='ltr'>et</span> 
     </span>
     <span class='ocr_line' id='line_1_39' title="bbox 188 3545 2461 3605; baseline 0.004 -17"><span class='ocrx_word' id='word_1_386' title='bbox 188 3546 563 3604; x_wconf 87' lang='lat' dir='ltr'>consequenter</span> <span class='ocrx_word' id='word_1_387' title='bbox 601 3547 836 3590; x_wconf 88' lang='lat' dir='ltr'>tenemur</span> <span class='ocrx_word' id='word_1_388' title='bbox 875 3545 1112 3605; x_wconf 91' lang='lat' dir='ltr'>credere,</span> <span class='ocrx_word' id='word_1_389' title='bbox 1166 3549 1531 3596; x_wconf 89' lang='lat' dir='ltr'>conventicula</span> <span class='ocrx_word' id='word_1_390' title='bbox 1567 3548 1955 3596; x_wconf 86' lang='lat' dir='ltr'>haereticorum</span> <span class='ocrx_word' id='word_1_391' title='bbox 1993 3563 2097 3596; x_wconf 92' lang='lat' dir='ltr'>non</span> <span class='ocrx_word' id='word_1_392' title='bbox 2137 3565 2250 3598; x_wconf 89' lang='lat' dir='ltr'>esse</span> <span class='ocrx_word' id='word_1_393' title='bbox 2285 3564 2461 3597; x_wconf 85' lang='lat' dir='ltr'>veram</span> 
     </span>
     <span class='ocr_line' id='line_1_40' title="bbox 185 3620 2460 3688; baseline 0.004 -21"><span class='ocrx_word' id='word_1_394' title='bbox 185 3620 487 3681; x_wconf 87' lang='lat' dir='ltr'>Ecclesiam,</span> <span class='ocrx_word' id='word_1_395' title='bbox 527 3620 616 3668; x_wconf 86' lang='lat' dir='ltr'>sed</span> <span class='ocrx_word' id='word_1_396' title='bbox 653 3637 968 3684; x_wconf 65' lang='lat' dir='ltr'>synagogam</span> <span class='ocrx_word' id='word_1_397' title='bbox 1008 3627 1222 3672; x_wconf 87' lang='lat' dir='ltr'>satanae</span> <span class='ocrx_word' id='word_1_398' title='bbox 1262 3625 1441 3688; x_wconf 88' lang='lat' dir='ltr'>(Apoc.</span> <span class='ocrx_word' id='word_1_399' title='bbox 1472 3625 1522 3685; x_wconf 79' lang='lat'>2)</span> <span class='ocrx_word' id='word_1_400' title='bbox 1559 3626 1656 3687; x_wconf 89' lang='lat' dir='ltr'>vel,</span> <span class='ocrx_word' id='word_1_401' title='bbox 1696 3630 1755 3674; x_wconf 88' lang='lat' dir='ltr'>ut</span> <span class='ocrx_word' id='word_1_402' title='bbox 1790 3626 2009 3674; x_wconf 89' lang='lat' dir='ltr'>Rufinus</span> <span class='ocrx_word' id='word_1_403' title='bbox 2046 3627 2134 3688; x_wconf 88' lang='lat' dir='ltr'>ait,</span> <span class='ocrx_word' id='word_1_404' title='bbox 2173 3627 2460 3676; x_wconf 85' lang='lat' dir='ltr'>Ecclesiam</span> 
     </span>
     <span class='ocr_line' id='line_1_41' title="bbox 185 3698 2459 3765; baseline 0.003 -21"><span class='ocrx_word' id='word_1_405' title='bbox 185 3698 609 3760; x_wconf 83' lang='lat' dir='ltr'>malignantium3</span> <span class='ocrx_word' id='word_1_406' title='bbox 648 3714 769 3761; x_wconf 86' lang='lat' dir='ltr'>ergo</span> <span class='ocrx_word' id='word_1_407' title='bbox 808 3704 866 3747; x_wconf 88' lang='lat' dir='ltr'>ut</span> <span class='ocrx_word' id='word_1_408' title='bbox 902 3715 994 3761; x_wconf 90' lang='lat' dir='ltr'>per</span> <span class='ocrx_word' id='word_1_409' title='bbox 1020 3700 1159 3748; x_wconf 90' lang='lat' dir='ltr'>illam</span> <span class='ocrx_word' id='word_1_410' title='bbox 1186 3701 1337 3750; x_wconf 89' lang='lat' dir='ltr'>fidem</span> <span class='ocrx_word' id='word_1_411' title='bbox 1364 3704 1621 3765; x_wconf 87' lang='lat' dir='ltr'>possimus</span> <span class='ocrx_word' id='word_1_412' title='bbox 1649 3703 1943 3752; x_wconf 88' lang='lat' dir='ltr'>discernere</span> <span class='ocrx_word' id='word_1_413' title='bbox 1969 3720 2146 3753; x_wconf 84' lang='lat' dir='ltr'>veram</span> <span class='ocrx_word' id='word_1_414' title='bbox 2173 3704 2459 3753; x_wconf 88' lang='lat' dir='ltr'>Ecclesiam</span> 
     </span>
     <span class='ocr_line' id='line_1_42' title="bbox 185 3775 2461 3844; baseline 0.004 -23"><span class='ocrx_word' id='word_1_415' title='bbox 185 3791 215 3822; x_wconf 88' lang='lat' dir='ltr'>a</span> <span class='ocrx_word' id='word_1_416' title='bbox 251 3775 399 3835; x_wconf 86' lang='lat' dir='ltr'>falsa,</span> <span class='ocrx_word' id='word_1_417' title='bbox 437 3790 647 3824; x_wconf 87' lang='lat' dir='ltr'>necesse</span> <span class='ocrx_word' id='word_1_418' title='bbox 674 3781 767 3838; x_wconf 88' lang='lat' dir='ltr'>est,</span> <span class='ocrx_word' id='word_1_419' title='bbox 806 3780 864 3824; x_wconf 89' lang='lat' dir='ltr'>ut</span> <span class='ocrx_word' id='word_1_420' title='bbox 892 3778 956 3825; x_wconf 88' lang='lat' dir='ltr'>sit</span> <span class='ocrx_word' id='word_1_421' title='bbox 994 3778 1057 3826; x_wconf 93' lang='lat' dir='ltr'>de</span> <span class='ocrx_word' id='word_1_422' title='bbox 1083 3780 1175 3826; x_wconf 85' lang='lat' dir='ltr'>tali</span> <span class='ocrx_word' id='word_1_423' title='bbox 1201 3781 1605 3843; x_wconf 84' lang='lat' dir='ltr'>congregatione</span> <span class='ocrx_word' id='word_1_424' title='bbox 1630 3781 1682 3829; x_wconf 90' lang='lat' dir='ltr'>in</span> <span class='ocrx_word' id='word_1_425' title='bbox 1709 3781 2077 3844; x_wconf 73' lang='lat' dir='ltr'>particulari.‘“</span> <span class='ocrx_word' id='word_1_426' title='bbox 2131 3783 2370 3843; x_wconf 82' lang='lat' dir='ltr'>(Schema</span> <span class='ocrx_word' id='word_1_427' title='bbox 2397 3782 2461 3830; x_wconf 90' lang='lat' dir='ltr'>de</span> 
     </span>
     <span class='ocr_line' id='line_1_43' title="bbox 185 3852 2457 3917; baseline 0.004 -18"><span class='ocrx_word' id='word_1_428' title='bbox 185 3852 434 3900; x_wconf 90' lang='lat' dir='ltr'>Ecclesia.</span> <span class='ocrx_word' id='word_1_429' title='bbox 484 3852 539 3901; x_wconf 78' lang='lat' dir='ltr'>O.</span> <span class='ocrx_word' id='word_1_430' title='bbox 558 3853 620 3901; x_wconf 90' lang='lat' dir='ltr'>V.</span> <span class='ocrx_word' id='word_1_431' title='bbox 649 3855 742 3901; x_wconf 73' lang='lat'>587</span> <span class='ocrx_word' id='word_1_432' title='bbox 762 3871 791 3902; x_wconf 88' lang='lat' dir='ltr'>a</span> <span class='ocrx_word' id='word_1_433' title='bbox 817 3854 949 3917; x_wconf 88' lang='lat' dir='ltr'>sqq.)</span> <span class='ocrx_word' id='word_1_434' title='bbox 1091 3855 1106 3882; x_wconf 78' lang='lat'>1</span> <span class='ocrx_word' id='word_1_435' title='bbox 1135 3855 1269 3905; x_wconf 82' lang='lat' dir='ltr'>C.V.</span> <span class='ocrx_word' id='word_1_436' title='bbox 1292 3859 1450 3907; x_wconf 75' lang='lat' dir='ltr'>222b.</span> <span class='ocrx_word' id='word_1_437' title='bbox 1472 3875 1512 3906; x_wconf 93' lang='lat' dir='ltr'>c.</span> <span class='ocrx_word' id='word_1_438' title='bbox 1655 3857 1671 3885; x_wconf 85' lang='lat'><strong>²</strong></span> <span class='ocrx_word' id='word_1_439' title='bbox 1696 3859 1776 3906; x_wconf 86' lang='lat' dir='ltr'>Ex</span> <span class='ocrx_word' id='word_1_440' title='bbox 1804 3860 1933 3907; x_wconf 89' lang='lat' dir='ltr'>actis</span> <span class='ocrx_word' id='word_1_441' title='bbox 1962 3864 2058 3909; x_wconf 88' lang='lat' dir='ltr'>etc.</span> <span class='ocrx_word' id='word_1_442' title='bbox 2109 3859 2164 3910; x_wconf 81' lang='lat' dir='ltr'>O.</span> <span class='ocrx_word' id='word_1_443' title='bbox 2184 3860 2247 3908; x_wconf 90' lang='lat' dir='ltr'>V.</span> <span class='ocrx_word' id='word_1_444' title='bbox 2270 3862 2395 3908; x_wconf 77' lang='lat'>1676</span> <span class='ocrx_word' id='word_1_445' title='bbox 2412 3876 2457 3908; x_wconf 85' lang='lat' dir='ltr'>a.</span> 
     </span>
     <span class='ocr_line' id='line_1_44' title="bbox 334 3929 2016 3985; baseline 0.004 -8"><span class='ocrx_word' id='word_1_446' title='bbox 334 3929 349 3956; x_wconf 81' lang='lat'><strong>²</strong></span> <span class='ocrx_word' id='word_1_447' title='bbox 386 3929 589 3978; x_wconf 85' lang='lat' dir='ltr'>Relatio</span> <span class='ocrx_word' id='word_1_448' title='bbox 629 3936 725 3980; x_wconf 91' lang='lat' dir='ltr'>etc.</span> <span class='ocrx_word' id='word_1_449' title='bbox 797 3931 851 3980; x_wconf 79' lang='lat' dir='ltr'>C.</span> <span class='ocrx_word' id='word_1_450' title='bbox 890 3932 950 3980; x_wconf 89' lang='lat' dir='ltr'>V.</span> <span class='ocrx_word' id='word_1_451' title='bbox 992 3935 1086 3980; x_wconf 71' lang='lat'>235</span> <span class='ocrx_word' id='word_1_452' title='bbox 1104 3950 1148 3981; x_wconf 88' lang='lat' dir='ltr'>a.</span> <span class='ocrx_word' id='word_1_453' title='bbox 1173 3934 1221 3982; x_wconf 91' lang='lat' dir='ltr'>b.</span> <span class='ocrx_word' id='word_1_454' title='bbox 1406 3934 1426 3961; x_wconf 57' lang='lat'><strong>4</strong></span> <span class='ocrx_word' id='word_1_455' title='bbox 1462 3936 1593 3985; x_wconf 86' lang='lat' dir='ltr'>Ibid.</span> <span class='ocrx_word' id='word_1_456' title='bbox 1663 3936 1718 3985; x_wconf 82' lang='lat' dir='ltr'>O.</span> <span class='ocrx_word' id='word_1_457' title='bbox 1757 3936 1820 3984; x_wconf 91' lang='lat' dir='ltr'>V.</span> <span class='ocrx_word' id='word_1_458' title='bbox 1860 3938 1953 3985; x_wconf 77' lang='lat'>246</span> <span class='ocrx_word' id='word_1_459' title='bbox 1972 3954 2016 3985; x_wconf 89' lang='lat' dir='ltr'>a.</span> 
     </span>
    </p>
   </div>
  </div>
 </body>
</html>
