<?xml version="1.0" encoding="UTF-8"?>
<!DOCTYPE html PUBLIC "-//W3C//DTD XHTML 1.0 Transitional//EN"
    "http://www.w3.org/TR/xhtml1/DTD/xhtml1-transitional.dtd">
<html xmlns="http://www.w3.org/1999/xhtml" xml:lang="en" lang="en">
 <head>
  <title>
</title>
<meta http-equiv="Content-Type" content="text/html;charset=utf-8" />
  <meta name='ocr-system' content='tesseract 3.04.00' />
  <meta name='ocr-capabilities' content='ocr_page ocr_carea ocr_par ocr_line ocrx_word'/>
</head>
<body>
  <div class='ocr_page' id='page_1' title='image "a584483100granuoft_0171.png"; bbox 0 0 2548 4290; ppageno 0'>
   <div class='ocr_carea' id='block_1_1' title="bbox 0 0 86 117">
    <p class='ocr_par' dir='ltr' id='par_1_1' title="bbox 0 0 86 117">
     <span class='ocr_line' id='line_1_1' title="bbox 0 0 86 117; baseline 0 4173"><span class='ocrx_word' id='word_1_1' title='bbox 0 0 86 117; x_wconf 95' lang='lat' dir='ltr'> </span> 
     </span>
    </p>
   </div>
   <div class='ocr_carea' id='block_1_2' title="bbox 0 143 2244 206">
    <p class='ocr_par' dir='ltr' id='par_1_2' title="bbox 0 129 2244 206">
     <span class='ocr_line' id='line_1_2' title="bbox 0 143 2244 206; baseline -0.004 -4"><span class='ocrx_word' id='word_1_2' title='bbox 0 143 58 201; x_wconf 54' lang='lat' dir='ltr'>{f</span> <span class='ocrx_word' id='word_1_3' title='bbox 103 155 269 199; x_wconf 89' lang='lat' dir='ltr'>Comm.</span> <span class='ocrx_word' id='word_1_4' title='bbox 304 153 360 194; x_wconf 91' lang='lat' dir='ltr'>V.</span> <span class='ocrx_word' id='word_1_5' title='bbox 405 153 614 194; x_wconf 76' lang='lat' dir='ltr'>Potestas</span> <span class='ocrx_word' id='word_1_6' title='bbox 645 151 808 206; x_wconf 81' lang='lat' dir='ltr'>pontif.</span> <span class='ocrx_word' id='word_1_7' title='bbox 842 164 919 192; x_wconf 86' lang='lat' dir='ltr'>cur</span> <span class='ocrx_word' id='word_1_8' title='bbox 951 153 1088 205; x_wconf 82' lang='lat' dir='ltr'>episc.</span> <span class='ocrx_word' id='word_1_9' title='bbox 1139 150 1307 193; x_wconf 89' lang='lat' dir='ltr'>Comm.</span> <span class='ocrx_word' id='word_1_10' title='bbox 1339 151 1419 192; x_wconf 89' lang='lat' dir='ltr'>VI.</span> <span class='ocrx_word' id='word_1_11' title='bbox 1463 152 1533 193; x_wconf 90' lang='lat' dir='ltr'>De</span> <span class='ocrx_word' id='word_1_12' title='bbox 1563 155 1707 194; x_wconf 87' lang='lat' dir='ltr'>inciso</span> <span class='ocrx_word' id='word_1_13' title='bbox 1740 155 1922 194; x_wconf 87' lang='lat' dir='ltr'>canonis</span> <span class='ocrx_word' id='word_1_14' title='bbox 1944 155 2078 194; x_wconf 84' lang='lat' dir='ltr'>tertii.</span> <span class='ocrx_word' id='word_1_15' title='bbox 2148 152 2244 202; x_wconf 78' lang='lat'>157</span> 
     </span>
    </p>
   </div>
   <div class='ocr_carea' id='block_1_3' title="bbox 0 293 2254 1028">
    <p class='ocr_par' dir='ltr' id='par_1_3' title="bbox 0 293 2253 691">
     <span class='ocr_line' id='line_1_3' title="bbox 0 293 2250 365; baseline -0.002 -14"><span class='ocrx_word' id='word_1_16' title='bbox 0 297 148 362; x_wconf 44' lang='lat' dir='ltr'>[cesi</span> <span class='ocrx_word' id='word_1_17' title='bbox 185 312 301 349; x_wconf 88' lang='lat' dir='ltr'>esse</span> <span class='ocrx_word' id='word_1_18' title='bbox 340 294 559 365; x_wconf 84' lang='lat' dir='ltr'>proprie</span> <span class='ocrx_word' id='word_1_19' title='bbox 612 293 1029 363; x_wconf 87' lang='lat' dir='ltr'>episcopalem.“</span> <span class='ocrx_word' id='word_1_20' title='bbox 1110 293 1291 346; x_wconf 87' lang='lat' dir='ltr'>Affert</span> <span class='ocrx_word' id='word_1_21' title='bbox 1328 295 1529 346; x_wconf 84' lang='lat' dir='ltr'>relator</span> <span class='ocrx_word' id='word_1_22' title='bbox 1581 296 1743 347; x_wconf 86' lang='lat' dir='ltr'>etiam</span> <span class='ocrx_word' id='word_1_23' title='bbox 1784 296 1960 349; x_wconf 91' lang='lat' dir='ltr'>locum</span> <span class='ocrx_word' id='word_1_24' title='bbox 1998 314 2069 348; x_wconf 84' lang='lat' dir='ltr'>ex</span> <span class='ocrx_word' id='word_1_25' title='bbox 2110 295 2250 348; x_wconf 82' lang='lat' dir='ltr'>Con-</span> 
     </span>
     <span class='ocr_line' id='line_1_4' title="bbox 41 375 2245 449; baseline -0.002 -16"><span class='ocrx_word' id='word_1_26' title='bbox 41 380 162 444; x_wconf 64' lang='lat' dir='ltr'>cilio</span> <span class='ocrx_word' id='word_1_27' title='bbox 212 377 532 449; x_wconf 83' lang='lat' dir='ltr'>provinciali</span> <span class='ocrx_word' id='word_1_28' title='bbox 573 375 883 429; x_wconf 85' lang='lat' dir='ltr'>Coloniensi</span> <span class='ocrx_word' id='word_1_29' title='bbox 937 376 1061 427; x_wconf 89' lang='lat' dir='ltr'>anni</span> <span class='ocrx_word' id='word_1_30' title='bbox 1106 378 1244 428; x_wconf 87' lang='grc'>1860</span> <span class='ocrx_word' id='word_1_31' title='bbox 1298 375 1435 446; x_wconf 79' lang='lat' dir='ltr'>(cap.</span> <span class='ocrx_word' id='word_1_32' title='bbox 1477 377 1613 445; x_wconf 49' lang='lat'>250:</span> <span class='ocrx_word' id='word_1_33' title='bbox 1673 378 1952 443; x_wconf 84' lang='lat' dir='ltr'>„Romano</span> <span class='ocrx_word' id='word_1_34' title='bbox 1994 378 2245 431; x_wconf 88' lang='lat' dir='ltr'>Pontifici</span> 
     </span>
     <span class='ocr_line' id='line_1_5' title="bbox 31 457 2253 530; baseline -0.003 -12"><span class='ocrx_word' id='word_1_35' title='bbox 31 468 100 518; x_wconf 78' lang='lat' dir='ltr'>&#39;ut</span> <span class='ocrx_word' id='word_1_36' title='bbox 133 461 411 515; x_wconf 79' lang='lat' dir='ltr'>Ecclesiae</span> <span class='ocrx_word' id='word_1_37' title='bbox 466 459 630 529; x_wconf 89' lang='lat' dir='ltr'>capiti</span> <span class='ocrx_word' id='word_1_38' title='bbox 680 462 734 512; x_wconf 84' lang='lat' dir='ltr'>et</span> <span class='ocrx_word' id='word_1_39' title='bbox 787 457 1142 512; x_wconf 87' lang='lat' dir='ltr'>fundamento</span> <span class='ocrx_word' id='word_1_40' title='bbox 1191 459 1420 526; x_wconf 82' lang='lat' dir='ltr'>visibili,</span> <span class='ocrx_word' id='word_1_41' title='bbox 1470 459 1865 530; x_wconf 85' lang='lat' dir='ltr'>Episcoporum</span> <span class='ocrx_word' id='word_1_42' title='bbox 1916 461 2146 530; x_wconf 89' lang='lat' dir='ltr'>principi</span> <span class='ocrx_word' id='word_1_43' title='bbox 2198 466 2253 512; x_wconf 92' lang='lat' dir='ltr'>et</span> 
     </span>
     <span class='ocr_line' id='line_1_6' title="bbox 31 531 2250 619; baseline -0.002 -21"><span class='ocrx_word' id='word_1_44' title='bbox 31 531 240 619; x_wconf 76' lang='lat' dir='ltr'>pastori</span> <span class='ocrx_word' id='word_1_45' title='bbox 292 560 545 613; x_wconf 86' lang='lat' dir='ltr'>supremo</span> <span class='ocrx_word' id='word_1_46' title='bbox 600 559 731 595; x_wconf 85' lang='lat' dir='ltr'>vera</span> <span class='ocrx_word' id='word_1_47' title='bbox 782 542 1079 594; x_wconf 85' lang='lat' dir='ltr'>iurisdictio</span> <span class='ocrx_word' id='word_1_48' title='bbox 1135 542 1455 612; x_wconf 87' lang='lat' dir='ltr'>episcopalis</span> <span class='ocrx_word' id='word_1_49' title='bbox 1507 544 1764 613; x_wconf 88' lang='lat' dir='ltr'>competit</span> <span class='ocrx_word' id='word_1_50' title='bbox 1824 545 1880 596; x_wconf 91' lang='lat' dir='ltr'>in</span> <span class='ocrx_word' id='word_1_51' title='bbox 1943 545 2250 596; x_wconf 88' lang='lat' dir='ltr'>universam</span> 
     </span>
     <span class='ocr_line' id='line_1_7' title="bbox 39 625 429 691; baseline -0.008 -10"><span class='ocrx_word' id='word_1_52' title='bbox 39 628 388 691; x_wconf 84' lang='lat' dir='ltr'>Ecclesiam.“</span> <span class='ocrx_word' id='word_1_53' title='bbox 415 625 429 656; x_wconf 82' lang='lat'><strong>¹</strong></span> 
     </span>
    </p>

    <p class='ocr_par' dir='ltr' id='par_1_4' title="bbox 39 708 2254 1028">
     <span class='ocr_line' id='line_1_8' title="bbox 186 708 2252 779; baseline -0.001 -15"><span class='ocrx_word' id='word_1_54' title='bbox 186 710 471 764; x_wconf 82' lang='lat' dir='ltr'>Sententia</span> <span class='ocrx_word' id='word_1_55' title='bbox 522 708 890 778; x_wconf 86' lang='lat' dir='ltr'>deputationis</span> <span class='ocrx_word' id='word_1_56' title='bbox 940 709 1103 778; x_wconf 85' lang='lat' dir='ltr'>longe</span> <span class='ocrx_word' id='word_1_57' title='bbox 1153 709 1342 761; x_wconf 91' lang='lat' dir='ltr'>maiori</span> <span class='ocrx_word' id='word_1_58' title='bbox 1393 716 1547 779; x_wconf 88' lang='lat' dir='ltr'>parte</span> <span class='ocrx_word' id='word_1_59' title='bbox 1602 710 1984 778; x_wconf 85' lang='lat' dir='ltr'>suffragiorum</span> <span class='ocrx_word' id='word_1_60' title='bbox 2025 710 2252 762; x_wconf 88' lang='lat' dir='ltr'>Patrum</span> 
     </span>
     <span class='ocr_line' id='line_1_9' title="bbox 42 789 2254 865; baseline -0.002 -17"><span class='ocrx_word' id='word_1_61' title='bbox 42 793 336 865; x_wconf 85' lang='lat' dir='ltr'>approbata</span> <span class='ocrx_word' id='word_1_62' title='bbox 377 789 507 844; x_wconf 82' lang='lat' dir='ltr'>est2.</span> <span class='ocrx_word' id='word_1_63' title='bbox 584 790 773 860; x_wconf 89' lang='lat' dir='ltr'>Aliqui</span> <span class='ocrx_word' id='word_1_64' title='bbox 812 796 1029 860; x_wconf 89' lang='lat' dir='ltr'>postea,</span> <span class='ocrx_word' id='word_1_65' title='bbox 1073 809 1238 860; x_wconf 90' lang='lat' dir='ltr'>quum</span> <span class='ocrx_word' id='word_1_66' title='bbox 1278 791 1346 844; x_wconf 90' lang='lat' dir='ltr'>de</span> <span class='ocrx_word' id='word_1_67' title='bbox 1386 796 1501 845; x_wconf 87' lang='lat' dir='ltr'>tota</span> <span class='ocrx_word' id='word_1_68' title='bbox 1541 791 1941 845; x_wconf 81' lang='lat' dir='ltr'>Constitutione</span> <span class='ocrx_word' id='word_1_69' title='bbox 1981 792 2254 845; x_wconf 86' lang='lat' dir='ltr'>ferrentur</span> 
     </span>
     <span class='ocr_line' id='line_1_10' title="bbox 40 873 2254 945; baseline -0.002 -15"><span class='ocrx_word' id='word_1_70' title='bbox 40 876 312 945; x_wconf 80' lang='lat' dir='ltr'>suffragia,</span> <span class='ocrx_word' id='word_1_71' title='bbox 353 893 447 927; x_wconf 91' lang='lat' dir='ltr'>suo</span> <span class='ocrx_word' id='word_1_72' title='bbox 488 874 747 943; x_wconf 86' lang='lat' dir='ltr'>suffragio</span> <span class='ocrx_word' id='word_1_73' title='bbox 780 874 1032 940; x_wconf 86' lang='lat' dir='ltr'>„Placet“</span> <span class='ocrx_word' id='word_1_74' title='bbox 1077 873 1445 926; x_wconf 88' lang='lat' dir='ltr'>conditionem</span> <span class='ocrx_word' id='word_1_75' title='bbox 1485 875 1818 941; x_wconf 88' lang='lat' dir='ltr'>adiecerunt,</span> <span class='ocrx_word' id='word_1_76' title='bbox 1858 879 1919 927; x_wconf 92' lang='lat' dir='ltr'>ut</span> <span class='ocrx_word' id='word_1_77' title='bbox 1956 893 2066 927; x_wconf 79' lang='lat' dir='ltr'>vox</span> <span class='ocrx_word' id='word_1_78' title='bbox 2110 876 2254 944; x_wconf 88' lang='lat' dir='ltr'>„epi-</span> 
     </span>
     <span class='ocr_line' id='line_1_11' title="bbox 39 955 2008 1028; baseline -0.002 -15"><span class='ocrx_word' id='word_1_79' title='bbox 39 959 298 1028; x_wconf 77' lang='lat' dir='ltr'>scopalis“</span> <span class='ocrx_word' id='word_1_80' title='bbox 344 957 619 1010; x_wconf 88' lang='lat' dir='ltr'>deleretur</span> <span class='ocrx_word' id='word_1_81' title='bbox 639 955 674 1009; x_wconf 84' lang='lat'>³.</span> <span class='ocrx_word' id='word_1_82' title='bbox 753 956 878 1021; x_wconf 81' lang='lat' dir='ltr'>Sed,</span> <span class='ocrx_word' id='word_1_83' title='bbox 920 956 1065 1026; x_wconf 89' lang='lat' dir='ltr'>quod</span> <span class='ocrx_word' id='word_1_84' title='bbox 1105 957 1343 1009; x_wconf 87' lang='lat' dir='ltr'>decisum</span> <span class='ocrx_word' id='word_1_85' title='bbox 1386 963 1517 1023; x_wconf 89' lang='lat' dir='ltr'>erat,</span> <span class='ocrx_word' id='word_1_86' title='bbox 1557 964 1829 1010; x_wconf 90' lang='lat' dir='ltr'>retentum</span> <span class='ocrx_word' id='word_1_87' title='bbox 1870 963 1950 1010; x_wconf 89' lang='lat' dir='ltr'>est</span> <span class='ocrx_word' id='word_1_88' title='bbox 1973 958 2008 1011; x_wconf 66' lang='lat'>⁴.</span> 
     </span>
    </p>
   </div>
   <div class='ocr_carea' id='block_1_4' title="bbox 793 1129 1487 1182">
    <p class='ocr_par' dir='ltr' id='par_1_5' title="bbox 793 1129 1487 1182">
     <span class='ocr_line' id='line_1_12' title="bbox 793 1129 1487 1182; baseline 0.001 -1"><span class='ocrx_word' id='word_1_89' title='bbox 793 1129 1346 1181; x_wconf 76' lang='lat' dir='ltr'><strong>COMMENTATIO</strong></span> <span class='ocrx_word' id='word_1_90' title='bbox 1389 1130 1487 1182; x_wconf 89' lang='lat' dir='ltr'>VI.</span> 
     </span>
    </p>
   </div>
   <div class='ocr_carea' id='block_1_5' title="bbox 42 1254 2255 1386">
    <p class='ocr_par' dir='ltr' id='par_1_6' title="bbox 42 1254 2255 1386">
     <span class='ocr_line' id='line_1_13' title="bbox 42 1254 2255 1313; baseline -0.002 -9"><span class='ocrx_word' id='word_1_91' title='bbox 42 1257 99 1304; x_wconf 82' lang='lat' dir='ltr'>De</span> <span class='ocrx_word' id='word_1_92' title='bbox 127 1257 256 1302; x_wconf 83' lang='lat' dir='ltr'>inciso</span> <span class='ocrx_word' id='word_1_93' title='bbox 289 1256 458 1301; x_wconf 78' lang='lat' dir='ltr'>canonis</span> <span class='ocrx_word' id='word_1_94' title='bbox 490 1255 645 1313; x_wconf 73' lang='lat' dir='ltr'>capitis</span> <span class='ocrx_word' id='word_1_95' title='bbox 677 1255 827 1300; x_wconf 79' lang='lat' dir='ltr'>tertii:</span> <span class='ocrx_word' id='word_1_96' title='bbox 873 1254 979 1309; x_wconf 78' lang='lat' dir='ltr'>„aut</span> <span class='ocrx_word' id='word_1_97' title='bbox 1011 1268 1101 1298; x_wconf 90' lang='lat' dir='ltr'>eum</span> <span class='ocrx_word' id='word_1_98' title='bbox 1136 1254 1332 1312; x_wconf 79' lang='lat' dir='ltr'>[Papam]</span> <span class='ocrx_word' id='word_1_99' title='bbox 1367 1254 1522 1300; x_wconf 82' lang='lat' dir='ltr'>habere</span> <span class='ocrx_word' id='word_1_100' title='bbox 1553 1255 1725 1300; x_wconf 79' lang='lat' dir='ltr'>tantum</span> <span class='ocrx_word' id='word_1_101' title='bbox 1756 1255 1940 1313; x_wconf 84' lang='lat' dir='ltr'>potiores</span> <span class='ocrx_word' id='word_1_102' title='bbox 1972 1256 2141 1312; x_wconf 82' lang='lat' dir='ltr'>partes,</span> <span class='ocrx_word' id='word_1_103' title='bbox 2174 1269 2255 1299; x_wconf 89' lang='lat' dir='ltr'>non</span> 
     </span>
     <span class='ocr_line' id='line_1_14' title="bbox 485 1328 1800 1386; baseline 0 -13"><span class='ocrx_word' id='word_1_104' title='bbox 485 1342 585 1374; x_wconf 85' lang='lat' dir='ltr'>vero</span> <span class='ocrx_word' id='word_1_105' title='bbox 616 1328 754 1373; x_wconf 79' lang='lat' dir='ltr'>totam</span> <span class='ocrx_word' id='word_1_106' title='bbox 784 1328 1087 1386; x_wconf 84' lang='lat' dir='ltr'>plenitudinem</span> <span class='ocrx_word' id='word_1_107' title='bbox 1119 1328 1243 1372; x_wconf 83' lang='lat' dir='ltr'>huius</span> <span class='ocrx_word' id='word_1_108' title='bbox 1275 1341 1491 1386; x_wconf 75' lang='lat' dir='ltr'>supremae</span> <span class='ocrx_word' id='word_1_109' title='bbox 1522 1328 1800 1386; x_wconf 53' lang='lat' dir='ltr'>potestatist‘.</span> 
     </span>
    </p>
   </div>
   <div class='ocr_carea' id='block_1_6' title="bbox 10 1443 2261 3596">
    <p class='ocr_par' dir='ltr' id='par_1_7' title="bbox 10 1443 2261 3596">
     <span class='ocr_line' id='line_1_15' title="bbox 67 1443 2252 1517; baseline -0.001 -21"><span class='ocrx_word' id='word_1_110' title='bbox 67 1514 70 1517; x_wconf 18' lang='grc' dir='ltr'>Ι</span> <span class='ocrx_word' id='word_1_111' title='bbox 186 1443 373 1496; x_wconf 84' lang='lat' dir='ltr'>Canon</span> <span class='ocrx_word' id='word_1_112' title='bbox 414 1444 578 1512; x_wconf 89' lang='lat' dir='ltr'>capiti</span> <span class='ocrx_word' id='word_1_113' title='bbox 616 1443 777 1495; x_wconf 89' lang='lat' dir='ltr'>tertio</span> <span class='ocrx_word' id='word_1_114' title='bbox 817 1443 1059 1496; x_wconf 87' lang='lat' dir='ltr'>adiectus</span> <span class='ocrx_word' id='word_1_115' title='bbox 1099 1447 1180 1495; x_wconf 91' lang='lat' dir='ltr'>est</span> <span class='ocrx_word' id='word_1_116' title='bbox 1220 1443 1334 1494; x_wconf 90' lang='lat' dir='ltr'>hic:</span> <span class='ocrx_word' id='word_1_117' title='bbox 1380 1443 1467 1509; x_wconf 79' lang='lat' dir='ltr'>„Si</span> <span class='ocrx_word' id='word_1_118' title='bbox 1509 1443 1625 1512; x_wconf 87' lang='lat' dir='ltr'>quis</span> <span class='ocrx_word' id='word_1_119' title='bbox 1666 1444 1848 1512; x_wconf 85' lang='lat' dir='ltr'>itaque</span> <span class='ocrx_word' id='word_1_120' title='bbox 1888 1443 2105 1508; x_wconf 83' lang='lat' dir='ltr'>dixerit,</span> <span class='ocrx_word' id='word_1_121' title='bbox 2144 1443 2252 1495; x_wconf 84' lang='lat' dir='ltr'>Ro-</span> 
     </span>
     <span class='ocr_line' id='line_1_16' title="bbox 44 1525 2253 1596; baseline -0.001 -16"><span class='ocrx_word' id='word_1_122' title='bbox 44 1545 258 1580; x_wconf 87' lang='lat' dir='ltr'>manum</span> <span class='ocrx_word' id='word_1_123' title='bbox 297 1527 621 1579; x_wconf 89' lang='lat' dir='ltr'>Pontificem</span> <span class='ocrx_word' id='word_1_124' title='bbox 674 1526 875 1579; x_wconf 90' lang='lat' dir='ltr'>habere</span> <span class='ocrx_word' id='word_1_125' title='bbox 926 1525 1300 1578; x_wconf 90' lang='lat' dir='ltr'>tantummodo</span> <span class='ocrx_word' id='word_1_126' title='bbox 1352 1526 1588 1578; x_wconf 89' lang='lat' dir='ltr'>officium</span> <span class='ocrx_word' id='word_1_127' title='bbox 1640 1527 1991 1596; x_wconf 81' lang='lat' dir='ltr'>inspectionis</span> <span class='ocrx_word' id='word_1_128' title='bbox 2040 1527 2127 1578; x_wconf 90' lang='lat' dir='ltr'>vel</span> <span class='ocrx_word' id='word_1_129' title='bbox 2177 1526 2253 1577; x_wconf 93' lang='lat' dir='ltr'>di-</span> 
     </span>
     <span class='ocr_line' id='line_1_17' title="bbox 42 1610 2255 1681; baseline -0.002 -17"><span class='ocrx_word' id='word_1_130' title='bbox 42 1612 308 1677; x_wconf 86' lang='lat' dir='ltr'>rectionis,</span> <span class='ocrx_word' id='word_1_131' title='bbox 349 1630 456 1663; x_wconf 91' lang='lat' dir='ltr'>non</span> <span class='ocrx_word' id='word_1_132' title='bbox 497 1616 678 1663; x_wconf 84' lang='lat' dir='ltr'>autem</span> <span class='ocrx_word' id='word_1_133' title='bbox 717 1611 935 1681; x_wconf 88' lang='lat' dir='ltr'>plenam</span> <span class='ocrx_word' id='word_1_134' title='bbox 977 1615 1028 1662; x_wconf 92' lang='lat' dir='ltr'>et</span> <span class='ocrx_word' id='word_1_135' title='bbox 1068 1628 1372 1679; x_wconf 85' lang='lat' dir='ltr'>supremam</span> <span class='ocrx_word' id='word_1_136' title='bbox 1413 1616 1738 1680; x_wconf 87' lang='lat' dir='ltr'>potestatem</span> <span class='ocrx_word' id='word_1_137' title='bbox 1778 1611 2160 1663; x_wconf 88' lang='lat' dir='ltr'>iurisdictionis</span> <span class='ocrx_word' id='word_1_138' title='bbox 2199 1610 2255 1661; x_wconf 89' lang='lat' dir='ltr'>in</span> 
     </span>
     <span class='ocr_line' id='line_1_18' title="bbox 41 1694 2253 1763; baseline -0.001 -16"><span class='ocrx_word' id='word_1_139' title='bbox 41 1695 346 1747; x_wconf 87' lang='lat' dir='ltr'>universam</span> <span class='ocrx_word' id='word_1_140' title='bbox 374 1695 693 1759; x_wconf 87' lang='lat' dir='ltr'>Ecclesiam,</span> <span class='ocrx_word' id='word_1_141' title='bbox 735 1712 843 1746; x_wconf 90' lang='lat' dir='ltr'>non</span> <span class='ocrx_word' id='word_1_142' title='bbox 883 1694 1056 1746; x_wconf 90' lang='lat' dir='ltr'>solum</span> <span class='ocrx_word' id='word_1_143' title='bbox 1092 1695 1147 1746; x_wconf 88' lang='lat' dir='ltr'>in</span> <span class='ocrx_word' id='word_1_144' title='bbox 1175 1694 1353 1759; x_wconf 82' lang='lat' dir='ltr'>rebuS,</span> <span class='ocrx_word' id='word_1_145' title='bbox 1396 1712 1532 1763; x_wconf 88' lang='lat' dir='ltr'>quae</span> <span class='ocrx_word' id='word_1_146' title='bbox 1561 1696 1628 1746; x_wconf 91' lang='lat' dir='ltr'>ad</span> <span class='ocrx_word' id='word_1_147' title='bbox 1656 1694 1818 1746; x_wconf 89' lang='lat' dir='ltr'>fidem</span> <span class='ocrx_word' id='word_1_148' title='bbox 1847 1699 1900 1746; x_wconf 89' lang='lat' dir='ltr'>et</span> <span class='ocrx_word' id='word_1_149' title='bbox 1927 1711 2119 1760; x_wconf 88' lang='lat' dir='ltr'>mores,</span> <span class='ocrx_word' id='word_1_150' title='bbox 2160 1694 2253 1745; x_wconf 91' lang='lat' dir='ltr'>sed</span> 
     </span>
     <span class='ocr_line' id='line_1_19' title="bbox 42 1777 2252 1848; baseline -0.002 -17"><span class='ocrx_word' id='word_1_151' title='bbox 42 1779 202 1831; x_wconf 90' lang='lat' dir='ltr'>etiam</span> <span class='ocrx_word' id='word_1_152' title='bbox 240 1780 295 1830; x_wconf 89' lang='lat' dir='ltr'>in</span> <span class='ocrx_word' id='word_1_153' title='bbox 324 1779 403 1843; x_wconf 83' lang='lat' dir='ltr'>iis,</span> <span class='ocrx_word' id='word_1_154' title='bbox 446 1796 583 1848; x_wconf 86' lang='lat' dir='ltr'>quae</span> <span class='ocrx_word' id='word_1_155' title='bbox 610 1778 677 1830; x_wconf 88' lang='lat' dir='ltr'>ad</span> <span class='ocrx_word' id='word_1_156' title='bbox 706 1778 1045 1847; x_wconf 83' lang='lat' dir='ltr'>disciplinam</span> <span class='ocrx_word' id='word_1_157' title='bbox 1074 1784 1127 1830; x_wconf 89' lang='lat' dir='ltr'>et</span> <span class='ocrx_word' id='word_1_158' title='bbox 1154 1779 1400 1847; x_wconf 85' lang='lat' dir='ltr'>regimen</span> <span class='ocrx_word' id='word_1_159' title='bbox 1430 1778 1707 1830; x_wconf 88' lang='lat' dir='ltr'>Ecclesiae</span> <span class='ocrx_word' id='word_1_160' title='bbox 1742 1797 1840 1847; x_wconf 87' lang='lat' dir='ltr'>per</span> <span class='ocrx_word' id='word_1_161' title='bbox 1868 1783 2040 1829; x_wconf 89' lang='lat' dir='ltr'>totum</span> <span class='ocrx_word' id='word_1_162' title='bbox 2070 1777 2252 1829; x_wconf 89' lang='lat' dir='ltr'>orbem</span> 
     </span>
     <span class='ocr_line' id='line_1_20' title="bbox 42 1861 2254 1931; baseline -0.001 -18"><span class='ocrx_word' id='word_1_163' title='bbox 42 1861 267 1914; x_wconf 86' lang='lat' dir='ltr'>diffusae</span> <span class='ocrx_word' id='word_1_164' title='bbox 308 1862 610 1931; x_wconf 73' lang='lat' dir='ltr'>pertinent,</span> <span class='ocrx_word' id='word_1_165' title='bbox 652 1867 742 1913; x_wconf 73' lang='lat' dir='ltr'>aut</span> <span class='ocrx_word' id='word_1_166' title='bbox 767 1879 881 1913; x_wconf 78' lang='lat' dir='ltr'>eum</span> <span class='ocrx_word' id='word_1_167' title='bbox 919 1862 1096 1913; x_wconf 69' lang='lat' dir='ltr'>scabere</span> <span class='ocrx_word' id='word_1_168' title='bbox 1119 1867 1316 1913; x_wconf 74' lang='lat' dir='ltr'>tantum</span> <span class='ocrx_word' id='word_1_169' title='bbox 1351 1863 1567 1929; x_wconf 74' lang='lat' dir='ltr'>potiores</span> <span class='ocrx_word' id='word_1_170' title='bbox 1595 1867 1785 1930; x_wconf 73' lang='lat' dir='ltr'>pccrteS,</span> <span class='ocrx_word' id='word_1_171' title='bbox 1823 1879 1925 1913; x_wconf 72' lang='lat' dir='ltr'>non</span> <span class='ocrx_word' id='word_1_172' title='bbox 1952 1879 2063 1912; x_wconf 77' lang='lat' dir='ltr'>vero</span> <span class='ocrx_word' id='word_1_173' title='bbox 2102 1866 2254 1911; x_wconf 72' lang='lat' dir='ltr'>totam</span> 
     </span>
     <span class='ocr_line' id='line_1_21' title="bbox 36 1944 2253 2014; baseline -0.001 -17"><span class='ocrx_word' id='word_1_174' title='bbox 36 1944 400 2014; x_wconf 75' lang='lat' dir='ltr'>plenitudinem</span> <span class='ocrx_word' id='word_1_175' title='bbox 439 1945 595 1996; x_wconf 75' lang='lat' dir='ltr'>huius</span> <span class='ocrx_word' id='word_1_176' title='bbox 642 1962 910 2013; x_wconf 72' lang='lat' dir='ltr'>supremae</span> <span class='ocrx_word' id='word_1_177' title='bbox 953 1946 1235 2013; x_wconf 73' lang='lat' dir='ltr'>potestatz‘s;</span> <span class='ocrx_word' id='word_1_178' title='bbox 1292 1950 1385 1996; x_wconf 89' lang='lat' dir='ltr'>aut</span> <span class='ocrx_word' id='word_1_179' title='bbox 1436 1944 1574 1996; x_wconf 90' lang='lat' dir='ltr'>hanc</span> <span class='ocrx_word' id='word_1_180' title='bbox 1630 1945 1744 1996; x_wconf 91' lang='lat' dir='ltr'>eius</span> <span class='ocrx_word' id='word_1_181' title='bbox 1785 1948 2107 2013; x_wconf 88' lang='lat' dir='ltr'>potestatem</span> <span class='ocrx_word' id='word_1_182' title='bbox 2147 1961 2253 1995; x_wconf 87' lang='lat' dir='ltr'>non</span> 
     </span>
     <span class='ocr_line' id='line_1_22' title="bbox 42 2027 2257 2096; baseline -0.001 -16"><span class='ocrx_word' id='word_1_183' title='bbox 42 2045 155 2081; x_wconf 86' lang='lat' dir='ltr'>esse</span> <span class='ocrx_word' id='word_1_184' title='bbox 207 2028 533 2080; x_wconf 83' lang='lat' dir='ltr'>ordinariam</span> <span class='ocrx_word' id='word_1_185' title='bbox 574 2033 624 2079; x_wconf 92' lang='lat' dir='ltr'>et</span> <span class='ocrx_word' id='word_1_186' title='bbox 672 2028 1039 2081; x_wconf 80' lang='lat' dir='ltr'>immediatam</span> <span class='ocrx_word' id='word_1_187' title='bbox 1095 2029 1206 2079; x_wconf 85' lang='lat' dir='ltr'>sive</span> <span class='ocrx_word' id='word_1_188' title='bbox 1257 2029 1310 2078; x_wconf 91' lang='lat' dir='ltr'>in</span> <span class='ocrx_word' id='word_1_189' title='bbox 1353 2046 1537 2080; x_wconf 89' lang='lat' dir='ltr'>omnes</span> <span class='ocrx_word' id='word_1_190' title='bbox 1587 2045 1649 2079; x_wconf 91' lang='lat' dir='ltr'>ac</span> <span class='ocrx_word' id='word_1_191' title='bbox 1707 2028 1946 2096; x_wconf 88' lang='lat' dir='ltr'>singulas</span> <span class='ocrx_word' id='word_1_192' title='bbox 2000 2027 2257 2079; x_wconf 87' lang='lat' dir='ltr'>ecclesias</span> 
     </span>
     <span class='ocr_line' id='line_1_23' title="bbox 44 2111 1970 2180; baseline 0 -17"><span class='ocrx_word' id='word_1_193' title='bbox 44 2111 154 2164; x_wconf 87' lang='lat' dir='ltr'>sive</span> <span class='ocrx_word' id='word_1_194' title='bbox 194 2112 250 2164; x_wconf 90' lang='lat' dir='ltr'>in</span> <span class='ocrx_word' id='word_1_195' title='bbox 290 2130 475 2165; x_wconf 88' lang='lat' dir='ltr'>omnes</span> <span class='ocrx_word' id='word_1_196' title='bbox 516 2116 569 2163; x_wconf 94' lang='lat' dir='ltr'>et</span> <span class='ocrx_word' id='word_1_197' title='bbox 609 2113 850 2180; x_wconf 90' lang='lat' dir='ltr'>singulos</span> <span class='ocrx_word' id='word_1_198' title='bbox 892 2117 1134 2180; x_wconf 85' lang='lat' dir='ltr'>pastores</span> <span class='ocrx_word' id='word_1_199' title='bbox 1175 2119 1228 2163; x_wconf 91' lang='lat' dir='ltr'>et</span> <span class='ocrx_word' id='word_1_200' title='bbox 1268 2112 1483 2174; x_wconf 66' lang='lat' dir='ltr'>fideles,</span> <span class='ocrx_word' id='word_1_201' title='bbox 1526 2112 1816 2163; x_wconf 89' lang='lat' dir='ltr'>anathema</span> <span class='ocrx_word' id='word_1_202' title='bbox 1856 2111 1970 2163; x_wconf 86' lang='lat' dir='ltr'>sit.“</span> 
     </span>
     <span class='ocr_line' id='line_1_24' title="bbox 182 2193 2256 2264; baseline -0.001 -18"><span class='ocrx_word' id='word_1_203' title='bbox 182 2195 436 2259; x_wconf 87' lang='lat' dir='ltr'>Incisum,</span> <span class='ocrx_word' id='word_1_204' title='bbox 483 2194 628 2264; x_wconf 90' lang='lat' dir='ltr'>quod</span> <span class='ocrx_word' id='word_1_205' title='bbox 667 2195 836 2247; x_wconf 88' lang='lat' dir='ltr'>literis</span> <span class='ocrx_word' id='word_1_206' title='bbox 877 2194 1264 2264; x_wconf 80' lang='lat' dir='ltr'>insignioribus</span> <span class='ocrx_word' id='word_1_207' title='bbox 1306 2196 1638 2260; x_wconf 73' lang='lat' dir='ltr'>nota-vimus,</span> <span class='ocrx_word' id='word_1_208' title='bbox 1680 2212 1788 2246; x_wconf 91' lang='lat' dir='ltr'>non</span> <span class='ocrx_word' id='word_1_209' title='bbox 1830 2200 1945 2245; x_wconf 89' lang='lat' dir='ltr'>crat</span> <span class='ocrx_word' id='word_1_210' title='bbox 1985 2210 2161 2262; x_wconf 90' lang='lat' dir='ltr'>neque</span> <span class='ocrx_word' id='word_1_211' title='bbox 2201 2193 2256 2243; x_wconf 90' lang='lat' dir='ltr'>in</span> 
     </span>
     <span class='ocr_line' id='line_1_25' title="bbox 44 2276 2258 2348; baseline -0.001 -18"><span class='ocrx_word' id='word_1_212' title='bbox 44 2280 315 2331; x_wconf 85' lang='lat' dir='ltr'>schemate</span> <span class='ocrx_word' id='word_1_213' title='bbox 354 2280 581 2347; x_wconf 88' lang='lat' dir='ltr'>pristino</span> <span class='ocrx_word' id='word_1_214' title='bbox 624 2278 690 2331; x_wconf 89' lang='lat' dir='ltr'>de</span> <span class='ocrx_word' id='word_1_215' title='bbox 717 2279 1004 2332; x_wconf 81' lang='lat' dir='ltr'>Ecclesia5</span> <span class='ocrx_word' id='word_1_216' title='bbox 1044 2296 1221 2348; x_wconf 90' lang='lat' dir='ltr'>neque</span> <span class='ocrx_word' id='word_1_217' title='bbox 1262 2279 1314 2329; x_wconf 90' lang='lat' dir='ltr'>in</span> <span class='ocrx_word' id='word_1_218' title='bbox 1344 2279 1635 2343; x_wconf 85' lang='lat' dir='ltr'>schemate,</span> <span class='ocrx_word' id='word_1_219' title='bbox 1678 2278 1879 2347; x_wconf 88' lang='lat' dir='ltr'>quoda</span> <span class='ocrx_word' id='word_1_220' title='bbox 1907 2276 2258 2346; x_wconf 81' lang='lat' dir='ltr'>deputatione</span> 
     </span>
     <span class='ocr_line' id='line_1_26' title="bbox 37 2360 2259 2415; baseline -0.002 -1"><span class='ocrx_word' id='word_1_221' title='bbox 37 2361 110 2415; x_wconf 76' lang='lat' dir='ltr'>&#39;de</span> <span class='ocrx_word' id='word_1_222' title='bbox 150 2362 310 2414; x_wconf 89' lang='lat' dir='ltr'>rebus</span> <span class='ocrx_word' id='word_1_223' title='bbox 350 2362 475 2414; x_wconf 90' lang='lat' dir='ltr'>fidei</span> <span class='ocrx_word' id='word_1_224' title='bbox 515 2362 864 2415; x_wconf 86' lang='lat' dir='ltr'>reformatum</span> <span class='ocrx_word' id='word_1_225' title='bbox 893 2361 1146 2413; x_wconf 85' lang='lat' dir='ltr'>Patribus</span> <span class='ocrx_word' id='word_1_226' title='bbox 1186 2362 1444 2413; x_wconf 88' lang='lat' dir='ltr'>traditum</span> <span class='ocrx_word' id='word_1_227' title='bbox 1484 2360 1613 2413; x_wconf 59' lang='lat' dir='ltr'>estss.</span> <span class='ocrx_word' id='word_1_228' title='bbox 1662 2361 1811 2413; x_wconf 88' lang='lat' dir='ltr'>Inter</span> <span class='ocrx_word' id='word_1_229' title='bbox 1850 2361 2259 2413; x_wconf 85' lang='lat' dir='ltr'>emendationes</span> 
     </span>
     <span class='ocr_line' id='line_1_27' title="bbox 44 2444 2257 2515; baseline -0.002 -17"><span class='ocrx_word' id='word_1_230' title='bbox 44 2450 250 2510; x_wconf 89' lang='lat' dir='ltr'>autem,</span> <span class='ocrx_word' id='word_1_231' title='bbox 292 2463 429 2515; x_wconf 90' lang='lat' dir='ltr'>quae</span> <span class='ocrx_word' id='word_1_232' title='bbox 470 2446 524 2497; x_wconf 91' lang='lat' dir='ltr'>in</span> <span class='ocrx_word' id='word_1_233' title='bbox 565 2445 895 2497; x_wconf 87' lang='lat' dir='ltr'>discussione</span> <span class='ocrx_word' id='word_1_234' title='bbox 936 2445 1159 2514; x_wconf 88' lang='lat' dir='ltr'>speciali</span> <span class='ocrx_word' id='word_1_235' title='bbox 1199 2445 1343 2497; x_wconf 89' lang='lat' dir='ltr'>tertii</span> <span class='ocrx_word' id='word_1_236' title='bbox 1384 2445 1574 2512; x_wconf 87' lang='lat' dir='ltr'>capitis</span> <span class='ocrx_word' id='word_1_237' title='bbox 1615 2462 1645 2495; x_wconf 91' lang='lat' dir='ltr'>a</span> <span class='ocrx_word' id='word_1_238' title='bbox 1685 2444 1938 2495; x_wconf 87' lang='lat' dir='ltr'>Patribus</span> <span class='ocrx_word' id='word_1_239' title='bbox 1988 2460 2257 2513; x_wconf 90' lang='lat' dir='ltr'>propone-</span> 
     </span>
     <span class='ocr_line' id='line_1_28' title="bbox 44 2528 2257 2597; baseline -0.001 -16"><span class='ocrx_word' id='word_1_240' title='bbox 44 2528 265 2593; x_wconf 89' lang='lat' dir='ltr'>bantur,</span> <span class='ocrx_word' id='word_1_241' title='bbox 321 2536 436 2581; x_wconf 88' lang='lat' dir='ltr'>erat-</span> <span class='ocrx_word' id='word_1_242' title='bbox 475 2530 638 2581; x_wconf 90' lang='lat' dir='ltr'>etiam</span> <span class='ocrx_word' id='word_1_243' title='bbox 678 2530 838 2595; x_wconf 90' lang='lat' dir='ltr'>haec,</span> <span class='ocrx_word' id='word_1_244' title='bbox 897 2535 955 2581; x_wconf 93' lang='lat' dir='ltr'>ut</span> <span class='ocrx_word' id='word_1_245' title='bbox 996 2530 1188 2581; x_wconf 91' lang='lat' dir='ltr'>canoni</span> <span class='ocrx_word' id='word_1_246' title='bbox 1240 2530 1385 2581; x_wconf 88' lang='lat' dir='ltr'>tertii</span> <span class='ocrx_word' id='word_1_247' title='bbox 1426 2529 1616 2597; x_wconf 90' lang='lat' dir='ltr'>capitis</span> <span class='ocrx_word' id='word_1_248' title='bbox 1657 2528 2073 2579; x_wconf 84' lang='lat' dir='ltr'>substitueretur</span> <span class='ocrx_word' id='word_1_249' title='bbox 2125 2528 2257 2578; x_wconf 90' lang='lat' dir='ltr'>haec</span> 
     </span>
     <span class='ocr_line' id='line_1_29' title="bbox 43 2611 2255 2682; baseline -0.001 -19"><span class='ocrx_word' id='word_1_250' title='bbox 43 2611 301 2665; x_wconf 86' lang='lat' dir='ltr'>formula:</span> <span class='ocrx_word' id='word_1_251' title='bbox 363 2612 452 2678; x_wconf 83' lang='lat' dir='ltr'>„Si</span> <span class='ocrx_word' id='word_1_252' title='bbox 503 2613 619 2682; x_wconf 90' lang='lat' dir='ltr'>quis</span> <span class='ocrx_word' id='word_1_253' title='bbox 661 2612 883 2677; x_wconf 78' lang='lat' dir='ltr'>dixerit,</span> <span class='ocrx_word' id='word_1_254' title='bbox 942 2613 1175 2665; x_wconf 85' lang='lat' dir='ltr'>Romani</span> <span class='ocrx_word' id='word_1_255' title='bbox 1216 2611 1494 2664; x_wconf 86' lang='lat' dir='ltr'>Pontificis</span> <span class='ocrx_word' id='word_1_256' title='bbox 1533 2612 1833 2662; x_wconf 73' lang='lat' dir='ltr'>Primatum</span> <span class='ocrx_word' id='word_1_257' title='bbox 1892 2628 2006 2662; x_wconf 89' lang='lat' dir='ltr'>esse</span> <span class='ocrx_word' id='word_1_258' title='bbox 2048 2615 2255 2662; x_wconf 87' lang='lat' dir='ltr'>tantum</span> 
     </span>
     <span class='ocr_line' id='line_1_30' title="bbox 44 2695 2259 2764; baseline -0.001 -17"><span class='ocrx_word' id='word_1_259' title='bbox 44 2695 276 2748; x_wconf 88' lang='lat' dir='ltr'>officium</span> <span class='ocrx_word' id='word_1_260' title='bbox 331 2696 677 2764; x_wconf 83' lang='lat' dir='ltr'>inspectionis</span> <span class='ocrx_word' id='word_1_261' title='bbox 717 2701 771 2747; x_wconf 92' lang='lat' dir='ltr'>et</span> <span class='ocrx_word' id='word_1_262' title='bbox 811 2696 1153 2760; x_wconf 77' lang='lat' dir='ltr'>directioniS,</span> <span class='ocrx_word' id='word_1_263' title='bbox 1208 2702 1261 2746; x_wconf 86' lang='lat' dir='ltr'>et</span> <span class='ocrx_word' id='word_1_264' title='bbox 1310 2712 1604 2762; x_wconf 74' lang='lat' dir='ltr'>snpremmn</span> <span class='ocrx_word' id='word_1_265' title='bbox 1656 2696 1816 2762; x_wconf 72' lang='lat' dir='ltr'>ipsius</span> <span class='ocrx_word' id='word_1_266' title='bbox 1860 2699 2143 2762; x_wconf 77' lang='lat' dir='ltr'>potestatem</span> <span class='ocrx_word' id='word_1_267' title='bbox 2181 2695 2259 2744; x_wconf 69' lang='lat' dir='ltr'>iu-</span> 
     </span>
     <span class='ocr_line' id='line_1_31' title="bbox 42 2777 2256 2845; baseline -0.001 -15"><span class='ocrx_word' id='word_1_268' title='bbox 42 2779 349 2832; x_wconf 72' lang='lat' dir='ltr'>risdictionis</span> <span class='ocrx_word' id='word_1_269' title='bbox 386 2779 441 2830; x_wconf 74' lang='lat' dir='ltr'>in</span> <span class='ocrx_word' id='word_1_270' title='bbox 479 2780 771 2830; x_wconf 73' lang='lat' dir='ltr'>universam</span> <span class='ocrx_word' id='word_1_271' title='bbox 810 2778 1085 2830; x_wconf 70' lang='lat' dir='ltr'>Ecclesiam</span> <span class='ocrx_word' id='word_1_272' title='bbox 1123 2796 1225 2830; x_wconf 74' lang='lat' dir='ltr'>non</span> <span class='ocrx_word' id='word_1_273' title='bbox 1270 2795 1367 2830; x_wconf 75' lang='lat' dir='ltr'>esse</span> <span class='ocrx_word' id='word_1_274' title='bbox 1409 2779 1613 2845; x_wconf 74' lang='lat' dir='ltr'>plenam</span> <span class='ocrx_word' id='word_1_275' title='bbox 1626 2819 1640 2843; x_wconf 80' lang='lat'>,</span> <span class='ocrx_word' id='word_1_276' title='bbox 1692 2777 1787 2828; x_wconf 85' lang='lat' dir='ltr'>sed</span> <span class='ocrx_word' id='word_1_277' title='bbox 1828 2782 2036 2828; x_wconf 87' lang='lat' dir='ltr'>tantum</span> <span class='ocrx_word' id='word_1_278' title='bbox 2078 2782 2256 2828; x_wconf 87' lang='lat' dir='ltr'>extra-</span> 
     </span>
     <span class='ocr_line' id='line_1_32' title="bbox 45 2859 2257 2929; baseline -0.002 -14"><span class='ocrx_word' id='word_1_279' title='bbox 45 2862 371 2915; x_wconf 88' lang='lat' dir='ltr'>ordinariam</span> <span class='ocrx_word' id='word_1_280' title='bbox 412 2868 465 2914; x_wconf 92' lang='lat' dir='ltr'>et</span> <span class='ocrx_word' id='word_1_281' title='bbox 492 2862 809 2926; x_wconf 84' lang='lat' dir='ltr'>mediatam3</span> <span class='ocrx_word' id='word_1_282' title='bbox 851 2862 1140 2914; x_wconf 89' lang='lat' dir='ltr'>anathema</span> <span class='ocrx_word' id='word_1_283' title='bbox 1180 2862 1296 2913; x_wconf 82' lang='lat' dir='ltr'>sit.“</span> <span class='ocrx_word' id='word_1_284' title='bbox 1320 2861 1336 2891; x_wconf 81' lang='lat'>⁷</span> <span class='ocrx_word' id='word_1_285' title='bbox 1388 2861 1578 2912; x_wconf 84' lang='lat' dir='ltr'>Noluit</span> <span class='ocrx_word' id='word_1_286' title='bbox 1619 2860 1834 2929; x_wconf 88' lang='lat' dir='ltr'>quidem</span> <span class='ocrx_word' id='word_1_287' title='bbox 1878 2860 2154 2929; x_wconf 88' lang='lat' dir='ltr'>deputatio</span> <span class='ocrx_word' id='word_1_288' title='bbox 2190 2859 2257 2911; x_wconf 87' lang='lat' dir='ltr'>dc</span> 
     </span>
     <span class='ocr_line' id='line_1_33' title="bbox 45 2944 2259 3013; baseline -0.001 -17"><span class='ocrx_word' id='word_1_289' title='bbox 45 2944 148 2998; x_wconf 91' lang='lat' dir='ltr'>fide</span> <span class='ocrx_word' id='word_1_290' title='bbox 188 2945 326 2997; x_wconf 91' lang='lat' dir='ltr'>hanc</span> <span class='ocrx_word' id='word_1_291' title='bbox 368 2946 588 2997; x_wconf 86' lang='lat' dir='ltr'>canonis</span> <span class='ocrx_word' id='word_1_292' title='bbox 627 2944 914 2997; x_wconf 88' lang='lat' dir='ltr'>formulam</span> <span class='ocrx_word' id='word_1_293' title='bbox 944 2945 1198 2996; x_wconf 82' lang='lat' dir='ltr'>Patribus</span> <span class='ocrx_word' id='word_1_294' title='bbox 1227 2944 1625 3010; x_wconf 89' lang='lat' dir='ltr'>commendare,</span> <span class='ocrx_word' id='word_1_295' title='bbox 1667 2944 1868 3013; x_wconf 89' lang='lat' dir='ltr'>quippe</span> <span class='ocrx_word' id='word_1_296' title='bbox 1900 2961 2037 3012; x_wconf 89' lang='lat' dir='ltr'>quae</span> <span class='ocrx_word' id='word_1_297' title='bbox 2078 2944 2259 3012; x_wconf 86' lang='lat' dir='ltr'>aliqua</span> 
     </span>
     <span class='ocr_line' id='line_1_34' title="bbox 47 3026 2259 3097; baseline -0.001 -17"><span class='ocrx_word' id='word_1_298' title='bbox 47 3045 117 3080; x_wconf 82' lang='lat' dir='ltr'>ex</span> <span class='ocrx_word' id='word_1_299' title='bbox 156 3045 361 3080; x_wconf 90' lang='lat' dir='ltr'>canone</span> <span class='ocrx_word' id='word_1_300' title='bbox 401 3029 675 3097; x_wconf 88' lang='lat' dir='ltr'>proposito</span> <span class='ocrx_word' id='word_1_301' title='bbox 718 3028 1007 3093; x_wconf 82' lang='lat' dir='ltr'>omisisset3</span> <span class='ocrx_word' id='word_1_302' title='bbox 1062 3027 1118 3078; x_wconf 87' lang='lat' dir='ltr'>id</span> <span class='ocrx_word' id='word_1_303' title='bbox 1157 3032 1338 3078; x_wconf 88' lang='lat' dir='ltr'>tamen</span> <span class='ocrx_word' id='word_1_304' title='bbox 1379 3027 1598 3095; x_wconf 84' lang='lat' dir='ltr'>placuit,</span> <span class='ocrx_word' id='word_1_305' title='bbox 1641 3027 1784 3095; x_wconf 87' lang='lat' dir='ltr'>quod</span> <span class='ocrx_word' id='word_1_306' title='bbox 1824 3027 1879 3077; x_wconf 92' lang='lat' dir='ltr'>in</span> <span class='ocrx_word' id='word_1_307' title='bbox 1921 3044 1983 3078; x_wconf 88' lang='lat' dir='ltr'>ea</span> <span class='ocrx_word' id='word_1_308' title='bbox 2024 3026 2259 3078; x_wconf 89' lang='lat' dir='ltr'>formula</span> 
     </span>
     <span class='ocr_line' id='line_1_35' title="bbox 47 3109 2260 3181; baseline -0.002 -17"><span class='ocrx_word' id='word_1_309' title='bbox 47 3111 250 3164; x_wconf 86' lang='lat' dir='ltr'>Summi</span> <span class='ocrx_word' id='word_1_310' title='bbox 288 3111 564 3164; x_wconf 86' lang='lat' dir='ltr'>Pontificis</span> <span class='ocrx_word' id='word_1_311' title='bbox 605 3116 843 3181; x_wconf 89' lang='lat' dir='ltr'>potestas</span> <span class='ocrx_word' id='word_1_312' title='bbox 882 3129 991 3163; x_wconf 92' lang='lat' dir='ltr'>non</span> <span class='ocrx_word' id='word_1_313' title='bbox 1030 3111 1165 3176; x_wconf 90' lang='lat' dir='ltr'>iam,</span> <span class='ocrx_word' id='word_1_314' title='bbox 1206 3116 1265 3161; x_wconf 91' lang='lat' dir='ltr'>ut</span> <span class='ocrx_word' id='word_1_315' title='bbox 1305 3111 1358 3161; x_wconf 91' lang='lat' dir='ltr'>in</span> <span class='ocrx_word' id='word_1_316' title='bbox 1400 3127 1604 3161; x_wconf 86' lang='lat' dir='ltr'>canone</span> <span class='ocrx_word' id='word_1_317' title='bbox 1645 3110 1935 3179; x_wconf 89' lang='lat' dir='ltr'>proposito,</span> <span class='ocrx_word' id='word_1_318' title='bbox 1978 3109 2260 3161; x_wconf 87' lang='lat' dir='ltr'>dicebatur</span> 
     </span>
     <span class='ocr_line' id='line_1_36' title="bbox 38 3193 2261 3263; baseline -0.001 -17"><span class='ocrx_word' id='word_1_319' title='bbox 38 3194 193 3263; x_wconf 77' lang='lat' dir='ltr'>plena</span> <span class='ocrx_word' id='word_1_320' title='bbox 232 3200 285 3247; x_wconf 91' lang='lat' dir='ltr'>et</span> <span class='ocrx_word' id='word_1_321' title='bbox 320 3212 589 3263; x_wconf 74' lang='lat' dir='ltr'>suprema,</span> <span class='ocrx_word' id='word_1_322' title='bbox 643 3195 737 3247; x_wconf 91' lang='lat' dir='ltr'>sed</span> <span class='ocrx_word' id='word_1_323' title='bbox 770 3200 984 3263; x_wconf 74' lang='lat' dir='ltr'>potestas</span> <span class='ocrx_word' id='word_1_324' title='bbox 1032 3211 1274 3263; x_wconf 71' lang='lat' dir='ltr'>suprema</span> <span class='ocrx_word' id='word_1_325' title='bbox 1314 3193 1593 3245; x_wconf 85' lang='lat' dir='ltr'>dicebatur</span> <span class='ocrx_word' id='word_1_326' title='bbox 1639 3194 1822 3261; x_wconf 68' lang='lat' dir='ltr'>plena,</span> <span class='ocrx_word' id='word_1_327' title='bbox 1877 3200 1929 3245; x_wconf 92' lang='lat' dir='ltr'>et</span> <span class='ocrx_word' id='word_1_328' title='bbox 1969 3199 2261 3263; x_wconf 89' lang='lat' dir='ltr'>propterea</span> 
     </span>
     <span class='ocr_line' id='line_1_37' title="bbox 10 3276 2258 3347; baseline -0.001 -18"><span class='ocrx_word' id='word_1_329' title='bbox 10 3277 242 3329; x_wconf 76' lang='lat' dir='ltr'>‘clarius</span> <span class='ocrx_word' id='word_1_330' title='bbox 292 3278 701 3347; x_wconf 80' lang='lat' dir='ltr'>exprimebatur</span> <span class='ocrx_word' id='word_1_331' title='bbox 742 3283 1033 3343; x_wconf 88' lang='lat' dir='ltr'>conceptus</span> <span class='ocrx_word' id='word_1_332' title='bbox 1075 3276 1453 3346; x_wconf 80' lang='lat' dir='ltr'>plenitudiniS,</span> <span class='ocrx_word' id='word_1_333' title='bbox 1510 3294 1675 3344; x_wconf 88' lang='lat' dir='ltr'>quum</span> <span class='ocrx_word' id='word_1_334' title='bbox 1715 3276 1994 3344; x_wconf 90' lang='lat' dir='ltr'>plenitudo</span> <span class='ocrx_word' id='word_1_335' title='bbox 2036 3276 2258 3328; x_wconf 81' lang='lat' dir='ltr'>Summo</span> 
     </span>
     <span class='ocr_line' id='line_1_38' title="bbox 49 3359 2259 3429; baseline -0 -18"><span class='ocrx_word' id='word_1_336' title='bbox 49 3359 297 3412; x_wconf 88' lang='lat' dir='ltr'>Pontifici</span> <span class='ocrx_word' id='word_1_337' title='bbox 323 3360 710 3413; x_wconf 89' lang='lat' dir='ltr'>attribueretur</span> <span class='ocrx_word' id='word_1_338' title='bbox 738 3379 846 3412; x_wconf 91' lang='lat' dir='ltr'>non</span> <span class='ocrx_word' id='word_1_339' title='bbox 868 3366 1079 3412; x_wconf 89' lang='lat' dir='ltr'>tantum</span> <span class='ocrx_word' id='word_1_340' title='bbox 1099 3359 1383 3429; x_wconf 88' lang='lat' dir='ltr'>potestatis</span> <span class='ocrx_word' id='word_1_341' title='bbox 1410 3359 1824 3424; x_wconf 88' lang='lat' dir='ltr'>ecclesiasticae,</span> <span class='ocrx_word' id='word_1_342' title='bbox 1854 3360 1948 3411; x_wconf 91' lang='lat' dir='ltr'>sed</span> <span class='ocrx_word' id='word_1_343' title='bbox 1973 3377 2259 3428; x_wconf 89' lang='lat' dir='ltr'>supremae</span> 
     </span>
     <span class='ocr_line' id='line_1_39' title="bbox 49 3442 2259 3512; baseline -0.001 -17"><span class='ocrx_word' id='word_1_344' title='bbox 49 3443 328 3512; x_wconf 88' lang='lat' dir='ltr'>potestatis</span> <span class='ocrx_word' id='word_1_345' title='bbox 379 3444 777 3496; x_wconf 88' lang='lat' dir='ltr'>ecclesiasticae</span> <span class='ocrx_word' id='word_1_346' title='bbox 800 3443 835 3494; x_wconf 73' lang='lat'>8.</span> <span class='ocrx_word' id='word_1_347' title='bbox 915 3444 1094 3504; x_wconf 82' lang='lat' dir='ltr'>Quare</span> <span class='ocrx_word' id='word_1_348' title='bbox 1136 3443 1414 3511; x_wconf 89' lang='lat' dir='ltr'>deputatio</span> <span class='ocrx_word' id='word_1_349' title='bbox 1467 3442 1905 3494; x_wconf 90' lang='lat' dir='ltr'>emendationem</span> <span class='ocrx_word' id='word_1_350' title='bbox 1957 3443 2110 3493; x_wconf 90' lang='lat' dir='ltr'>iuxta</span> <span class='ocrx_word' id='word_1_351' title='bbox 2148 3460 2259 3493; x_wconf 89' lang='lat' dir='ltr'>mo-</span> 
     </span>
     <span class='ocr_line' id='line_1_40' title="bbox 52 3525 2255 3596; baseline -0 -19"><span class='ocrx_word' id='word_1_352' title='bbox 52 3526 175 3578; x_wconf 90' lang='lat' dir='ltr'>dum</span> <span class='ocrx_word' id='word_1_353' title='bbox 204 3526 419 3578; x_wconf 89' lang='lat' dir='ltr'>admisit</span> <span class='ocrx_word' id='word_1_354' title='bbox 446 3533 608 3596; x_wconf 84' lang='lat' dir='ltr'>atque</span> <span class='ocrx_word' id='word_1_355' title='bbox 638 3527 846 3580; x_wconf 88' lang='lat' dir='ltr'>addidit</span> <span class='ocrx_word' id='word_1_356' title='bbox 873 3527 1008 3578; x_wconf 88' lang='lat' dir='ltr'>illud</span> <span class='ocrx_word' id='word_1_357' title='bbox 1037 3527 1281 3591; x_wconf 86' lang='lat' dir='ltr'>incisum,</span> <span class='ocrx_word' id='word_1_358' title='bbox 1324 3525 1389 3578; x_wconf 90' lang='lat' dir='ltr'>de</span> <span class='ocrx_word' id='word_1_359' title='bbox 1421 3544 1525 3595; x_wconf 84' lang='lat' dir='ltr'>quo</span> <span class='ocrx_word' id='word_1_360' title='bbox 1556 3527 1781 3594; x_wconf 84' lang='lat' dir='ltr'>agimus,</span> <span class='ocrx_word' id='word_1_361' title='bbox 1825 3532 1882 3577; x_wconf 90' lang='lat' dir='ltr'>ut</span> <span class='ocrx_word' id='word_1_362' title='bbox 1909 3527 2123 3595; x_wconf 80' lang='lat' dir='ltr'>integer</span> <span class='ocrx_word' id='word_1_363' title='bbox 2150 3527 2255 3577; x_wconf 87' lang='lat' dir='ltr'>iam</span> 
     </span>
    </p>
   </div>
   <div class='ocr_carea' id='block_1_7' title="bbox 195 3727 2259 3940">
    <p class='ocr_par' dir='ltr' id='par_1_8' title="bbox 195 3727 2259 3940">
     <span class='ocr_line' id='line_1_41' title="bbox 201 3727 2258 3789; baseline 0 -13"><span class='ocrx_word' id='word_1_364' title='bbox 201 3730 213 3755; x_wconf 88' lang='lat'><strong>¹</strong></span> <span class='ocrx_word' id='word_1_365' title='bbox 251 3728 304 3777; x_wconf 82' lang='lat' dir='ltr'>O.</span> <span class='ocrx_word' id='word_1_366' title='bbox 342 3729 401 3776; x_wconf 91' lang='lat' dir='ltr'>V.</span> <span class='ocrx_word' id='word_1_367' title='bbox 441 3731 531 3775; x_wconf 81' lang='lat'>353</span> <span class='ocrx_word' id='word_1_368' title='bbox 549 3745 589 3775; x_wconf 91' lang='lat' dir='ltr'>c.</span> <span class='ocrx_word' id='word_1_369' title='bbox 770 3730 784 3755; x_wconf 81' lang='lat'><strong>²</strong></span> <span class='ocrx_word' id='word_1_370' title='bbox 822 3729 875 3776; x_wconf 82' lang='lat' dir='ltr'>O.</span> <span class='ocrx_word' id='word_1_371' title='bbox 913 3729 973 3776; x_wconf 87' lang='lat' dir='ltr'>V.</span> <span class='ocrx_word' id='word_1_372' title='bbox 1013 3730 1103 3775; x_wconf 78' lang='lat'>367</span> <span class='ocrx_word' id='word_1_373' title='bbox 1127 3729 1171 3776; x_wconf 86' lang='lat' dir='ltr'>d.</span> <span class='ocrx_word' id='word_1_374' title='bbox 1350 3728 1365 3754; x_wconf 75' lang='grc'>3</span> <span class='ocrx_word' id='word_1_375' title='bbox 1403 3729 1742 3789; x_wconf 84' lang='lat' dir='ltr'>Exceptiones</span> <span class='ocrx_word' id='word_1_376' title='bbox 1781 3734 1874 3775; x_wconf 85' lang='lat' dir='ltr'>etc.</span> <span class='ocrx_word' id='word_1_377' title='bbox 1935 3727 1988 3775; x_wconf 81' lang='lat' dir='ltr'>O.</span> <span class='ocrx_word' id='word_1_378' title='bbox 2015 3729 2075 3775; x_wconf 88' lang='lat' dir='ltr'>V.</span> <span class='ocrx_word' id='word_1_379' title='bbox 2102 3729 2258 3776; x_wconf 60' lang='lat'>43811.</span> 
     </span>
     <span class='ocr_line' id='line_1_42' title="bbox 197 3802 2138 3852; baseline 0.001 -2"><span class='ocrx_word' id='word_1_380' title='bbox 197 3803 215 3830; x_wconf 61' lang='lat'><strong>4</strong></span> <span class='ocrx_word' id='word_1_381' title='bbox 248 3804 445 3851; x_wconf 83' lang='lat' dir='ltr'>Relatio</span> <span class='ocrx_word' id='word_1_382' title='bbox 484 3809 577 3851; x_wconf 91' lang='lat' dir='ltr'>etc.</span> <span class='ocrx_word' id='word_1_383' title='bbox 647 3804 700 3852; x_wconf 80' lang='lat' dir='ltr'>C.</span> <span class='ocrx_word' id='word_1_384' title='bbox 737 3805 797 3852; x_wconf 90' lang='lat' dir='ltr'>V.</span> <span class='ocrx_word' id='word_1_385' title='bbox 835 3807 985 3851; x_wconf 61' lang='lat' dir='ltr'>moa.</span> <span class='ocrx_word' id='word_1_386' title='bbox 1165 3803 1180 3829; x_wconf 82' lang='lat'>⁵</span> <span class='ocrx_word' id='word_1_387' title='bbox 1218 3803 1270 3850; x_wconf 83' lang='lat' dir='ltr'>O.</span> <span class='ocrx_word' id='word_1_388' title='bbox 1308 3804 1368 3849; x_wconf 89' lang='lat' dir='ltr'>V.</span> <span class='ocrx_word' id='word_1_389' title='bbox 1407 3806 1499 3849; x_wconf 71' lang='lat'>377</span> <span class='ocrx_word' id='word_1_390' title='bbox 1516 3804 1561 3850; x_wconf 91' lang='lat' dir='ltr'>d.</span> <span class='ocrx_word' id='word_1_391' title='bbox 1740 3802 1755 3830; x_wconf 60' lang='grc' dir='ltr'><em>ὃ</em></span> <span class='ocrx_word' id='word_1_392' title='bbox 1795 3803 1847 3851; x_wconf 82' lang='lat' dir='ltr'>O.</span> <span class='ocrx_word' id='word_1_393' title='bbox 1885 3804 1944 3850; x_wconf 88' lang='lat' dir='ltr'>V.</span> <span class='ocrx_word' id='word_1_394' title='bbox 1983 3806 2076 3850; x_wconf 80' lang='lat'>274</span> <span class='ocrx_word' id='word_1_395' title='bbox 2096 3820 2138 3851; x_wconf 89' lang='lat' dir='ltr'>a.</span> 
     </span>
     <span class='ocr_line' id='line_1_43' title="bbox 195 3877 2259 3940; baseline 0.001 -15"><span class='ocrx_word' id='word_1_396' title='bbox 195 3879 208 3904; x_wconf 80' lang='lat'>⁷</span> <span class='ocrx_word' id='word_1_397' title='bbox 247 3880 633 3927; x_wconf 83' lang='lat' dir='ltr'>Emendationes</span> <span class='ocrx_word' id='word_1_398' title='bbox 671 3886 765 3928; x_wconf 87' lang='lat' dir='ltr'>etc.</span> <span class='ocrx_word' id='word_1_399' title='bbox 813 3880 867 3928; x_wconf 82' lang='lat' dir='ltr'>O.</span> <span class='ocrx_word' id='word_1_400' title='bbox 906 3881 966 3927; x_wconf 80' lang='lat' dir='ltr'>V,</span> <span class='ocrx_word' id='word_1_401' title='bbox 1001 3880 1138 3926; x_wconf 71' lang='lat' dir='ltr'>345d</span> <span class='ocrx_word' id='word_1_402' title='bbox 1176 3895 1248 3940; x_wconf 85' lang='lat' dir='ltr'>sq.</span> <span class='ocrx_word' id='word_1_403' title='bbox 1427 3877 1443 3905; x_wconf 73' lang='grc'>8</span> <span class='ocrx_word' id='word_1_404' title='bbox 1479 3880 1677 3926; x_wconf 83' lang='lat' dir='ltr'>Relatio</span> <span class='ocrx_word' id='word_1_405' title='bbox 1716 3884 1810 3926; x_wconf 84' lang='lat' dir='ltr'>etc.</span> <span class='ocrx_word' id='word_1_406' title='bbox 1859 3878 1912 3926; x_wconf 80' lang='lat' dir='ltr'>O.</span> <span class='ocrx_word' id='word_1_407' title='bbox 1949 3880 2009 3927; x_wconf 93' lang='lat' dir='ltr'>V.</span> <span class='ocrx_word' id='word_1_408' title='bbox 2037 3880 2189 3926; x_wconf 83' lang='lat' dir='ltr'>371b.</span> <span class='ocrx_word' id='word_1_409' title='bbox 2217 3896 2259 3927; x_wconf 83' lang='lat' dir='ltr'>c.</span> 
     </span>
    </p>
   </div>
  </div>
 </body>
</html>
