2548 4290
212 84 316 135 194
392 85 506 126 Pars
533 84 593 125 11.
644 81 799 125 Const.
835 82 890 124 de
920 82 1043 123 Eccl.
1110 79 1221 136 Cap.
1255 81 1312 122 II.
1365 79 1780 122 Commentationes
1816 79 1870 121 de
1903 81 2138 134 aliquibus
2171 81 2299 124 locis.

206 236 394 284 tamen
445 228 713 282 formulas
754 227 1169 299 proponebant,
1223 228 1278 280 in
1322 227 1521 297 quibus
1563 226 1767 282 diserte
1819 228 2080 281 veritates
2132 230 2189 282 in
2230 248 2287 284 se
2329 231 2480 301 ipsae

206 317 489 371 revelatae
530 314 810 367 obiectum
851 313 1265 366 infallibilitatis
1305 312 1623 383 pontificiae
1665 313 2019 381 dicebantur3
2069 314 2137 367 de
2178 315 2300 368 aliis
2339 321 2483 371 tace-

207 402 385 455 batur.
464 399 627 460 Quod
681 398 907 469 quidem
948 398 1220 465 studium⁷
1272 396 1687 451 infallibilitatis
1729 398 2037 466 obiectum,
2092 406 2360 470 quantum
2400 402 2481 454 in·
2543 407 2546 410 ’

205 485 410 540 columi
451 485 710 554 dogmate
752 483 871 538 fieri
913 484 1110 553 potuit,
1153 482 1455 551 coartandi,
1498 484 1740 536 maxime
1782 485 2037 555 sequenti
2085 484 2188 538 hac
2225 485 2479 555 formula,
2542 480 2548 486 ’

205 589 346 643 quae
387 571 444 622 in
486 588 553 624 ea
604 571 848 623 sessione
902 570 1187 641 proposita
1229 574 1338 636 est,
1393 575 1654 641 apparet:
1711 611 1758 637 „.
1802 611 1812 621 .
1857 612 1868 625 .
1910 588 2010 641 per
2064 570 2310 624 divinam
2350 572 2482 625 assi·
2545 573 2547 575 ’

205 656 466 710 stentiam
506 655 644 723 fieri,
686 660 748 708 ut
786 655 1074 709 Romanus
1111 654 1393 722 Pontifex,
1438 696 1448 706 .
1495 697 1505 706 .
1551 697 1562 709 .
1603 672 1726 707 cum
1768 656 2013 726 supremi
2054 657 2299 710 omnium
2341 656 2481 711 chri-

203 744 508 796 stianorum
553 741 789 794 doctoris
831 759 1061 794 munere
1103 740 1371 810 fungens,
1429 739 1496 793 de
1541 740 1956 811 quaestionibus
1997 741 2128 795 fidei
2170 748 2226 795 et
2266 760 2479 796 morum

202 829 472 898 iudicanS,
513 826 581 880 de
622 828 688 879 iis
731 826 941 892 definit,
985 826 1116 897 quid
1157 825 1227 879 ab
1268 826 1570 879 universali
1595 825 1847 879 Ecclesia
1887 827 1982 880 sub
2014 828 2237 881 haeresis
2261 846 2482 881 censura
2540 822 2548 826 ’

202 914 516 969 credendum
543 914 634 967 vel
662 913 1029 966 reiiciendum
1057 913 1142 981 sit,
1184 930 1370 966 errare
1413 930 1523 965 non
1564 913 1789 984 possit“.
1846 913 1916 978 Is,
1960 914 2053 984 qui
2095 913 2237 967 hanc
2275 913 2480 968 formu-

201 1002 312 1055 lam
355 1000 672 1072 proposuit,
724 1000 781 1052 in
822 999 930 1051 fine
974 998 1340 1065 definitionis,
1393 998 1490 1050 ubi
1533 997 1745 1051 Summi
1787 998 2074 1052 Pontificis
2114 999 2480 1054 infallibilitas

203 1105 261 1140 se
303 1087 373 1139 ad
415 1085 564 1138 idem
607 1085 886 1138 obiectum
930 1083 1236 1137 extendere
1267 1083 1485 1151 dicitur,
1528 1083 1598 1136 ad
1626 1084 1773 1154 quod
1802 1084 1975 1155 ipsius
2002 1084 2308 1153 Ecclesiae,
2351 1085 2478 1139 addi

202 1173 322 1226 vult
367 1190 601 1243 „nempe
641 1171 714 1223 ad
753 1171 1038 1241 depositum
1068 1169 1221 1240 fidei,
1261 1169 1364 1223 hoc
1406 1175 1506 1237 est,
1545 1168 1652 1223 Dei
1687 1170 1898 1224 verbum
1939 1172 2203 1243 scriptum
2242 1172 2332 1225 vel
2370 1177 2479 1225 tra-

205 1257 412 1310 ditum“
442 1257 476 1311 1.
556 1258 680 1320 Qua
720 1256 943 1328 quidem
998 1255 1240 1309 formula
1280 1273 1391 1309 non
1433 1261 1698 1326 negatur,
1751 1255 2031 1309 obiectum
2071 1256 2482 1311 infallibilitatis

204 1349 425 1415 praeter
465 1344 740 1397 revelatas
782 1343 1046 1396 veritates
1088 1342 1256 1395 etiam
1297 1342 1450 1409 alias,
1494 1359 1636 1413 quae
1677 1343 1960 1397 revelatae
2001 1362 2111 1397 non
2153 1348 2296 1410 sunt,
2339 1361 2484 1397 com-

203 1430 400 1500 plecti3
442 1429 541 1483 sed
583 1447 750 1500 quum
792 1429 849 1481 in
878 1447 944 1482 ea
985 1428 1052 1481 de
1094 1428 1210 1481 solo
1254 1427 1505 1498 deposito
1551 1427 1681 1481 fidei
1724 1435 1779 1482 et
1820 1429 1888 1482 de
1927 1429 1993 1482 iis
2034 1430 2210 1482 solum
2241 1430 2486 1482 veritati-

203 1516 331 1583 buS‚
386 1534 521 1587 quas
560 1533 769 1586 negare
819 1514 1162 1568 haereticum
1206 1520 1320 1581 est,
1377 1520 1639 1584 tanquam
1697 1513 1913 1568 obiecto
1966 1514 2381 1568 infallibilitatis
2432 1519 2487 1567 et

204 1603 416 1656 Summi
457 1602 742 1655 Pontificis
785 1605 840 1654 et
880 1600 1166 1654 Ecclesiae
1208 1619 1388 1654 sermo
1431 1601 1526 1668 sit,
1581 1600 1890 1669 periculum
1933 1606 2067 1669 erat,
2109 1619 2178 1655 ne
2220 1602 2358 1655 haec
2399 1600 2488 1653 vol

203 1688 395 1741 similis
451 1687 691 1741 formula
748 1706 780 1740 a
836 1687 1086 1740 Concilio
1144 1692 1371 1759 recepta
1424 1687 1723 1757 aliquando
1782 1686 1998 1740 faveret
2054 1688 2227 1741 errori
2286 1686 2487 1740 diffut-

208 1774 410 1841 dend0‚
452 1774 761 1827 Ecclesiam
805 1778 859 1826 ct
901 1774 1190 1827 Summum
1233 1772 1565 1826 Pontificem
1608 1773 1666 1826 in
1709 1773 1791 1826 his
1828 1774 1949 1827 solis
1989 1773 2318 1827 veritatibus
2356 1774 2486 1827 defi-

204 1860 422 1913 niendis
463 1859 819 1912 infallibilem
863 1877 1000 1913 esse.

354 1945 538 2007 Quum
591 1946 646 1997 in
688 1946 798 1998 fine
854 1944 1113 1998 sessionis
1156 1950 1550 2015 quaereretur,
1610 1962 1751 2015 quae
1805 1944 2048 1998 formula
2089 1943 2331 1997 maxime
2371 1943 2487 2014 pla-

208 2037 387 2101 ceret,
443 2049 539 2099 ea,
598 2049 764 2102 quam
803 2030 974 2083 Rffius
1016 2030 1254 2097 Martin‚
1315 2029 1499 2102 Episc.
1541 2030 2046 2098 Pade1·bornensiS‚
2107 2037 2489 2100 proposuerat,

208 2118 420 2172 omissis
461 2117 685 2188 quidem
727 2115 1046 2187 suffragiis2
1087 2121 1313 2188 recepta
1341 2122 1450 2169 est:
1499 2116 1912 2184 „DeclarainuS‚
1954 2116 2270 2169 Romanum
2299 2114 2490 2167 Ponti-

207 2205 395 2272 ficem,
439 2247 450 2258 .
495 2248 504 2258 .
551 2247 561 2257 .
606 2221 731 2255 cum
775 2247 784 2256 .
831 2248 842 2258 .
888 2245 896 2255 .
942 2203 1162 2270 definit,
1217 2202 1351 2273 quid
1401 2203 1457 2255 in
1498 2203 1664 2256 rebus
1716 2203 1844 2255 fidei
1896 2208 1951 2256 et
2002 2220 2218 2255 morum
2259 2201 2328 2254 ab
2369 2202 2488 2254 uni-

207 2308 368 2343 versa
424 2290 677 2343 Ecclesia
731 2290 837 2357 fide
894 2290 1141 2342 catholica
1194 2288 1507 2342 credendum
1568 2289 1667 2358 sit,
1721 2332 1731 2342 .
1778 2330 1787 2340 .
1832 2331 1843 2342 .
1898 2306 2083 2341 errare
2142 2306 2253 2341 non
2309 2305 2488 2359 posse,

208 2377 451 2446 taliaque
494 2376 610 2428 eius
652 2375 781 2429 fidei
824 2375 1049 2428 decreta
1091 2393 1188 2428 seu
1229 2374 1434 2427 iudicia
1487 2393 1584 2445 per
1641 2393 1698 2428 se
1755 2374 2185 2428 irreformabilia
2223 2392 2255 2426 a
2296 2374 2488 2445 quovis

213 2462 541 2529 christianO,
597 2503 608 2514 .
653 2503 663 2513 .
708 2505 718 2515 .
773 2462 940 2532 pleno
994 2461 1133 2531 fidei
1185 2461 1452 2531 obsequio
1509 2460 1845 2532 excipienda
1906 2466 1961 2514 et
2014 2459 2259 2514 tenenda
2314 2461 2471 2514 esse.‘

208 2548 395 2601 Etiam
436 2549 491 2600 in
534 2548 635 2600 hac
688 2547 928 2600 formula
981 2547 1049 2600 dc
1093 2547 1221 2600 solis
1276 2546 1606 2600 veritatibus
1647 2547 1909 2600 revelatis
1964 2552 2227 2617 tanquam
2270 2546 2475 2600 obiect(

208 2634 624 2687 infallibilitatis
666 2634 986 2705 pontificiae
1028 2652 1206 2686 sermo
1250 2638 1350 2686 est.
1407 2633 1518 2686 Sed
1560 2633 1782 2686 additur
1822 2633 1879 2686 in
1920 2632 2058 2685 fine:
2106 2631 2213 2698 „Et
2240 2633 2343 2686 hoc
2372 2632 2479 2703 qui-

211 2720 337 2774 dem
393 2720 633 2773 Romani
692 2720 979 2772 Pontificis
1035 2719 1332 2773 infallibile
1389 2720 1770 2789 magisterium
1824 2719 1895 2772 ad
1957 2718 2151 2772 cadem
2208 2718 2480 2790 pertinere

212 2808 490 2874 docenmS,
534 2806 604 2860 ad
647 2825 787 2876 quae
830 2806 1126 2859 infallibile
1168 2807 1462 2860 universae
1491 2805 1778 2860 Ecclesiae
1807 2805 2186 2876 magisterium
2231 2847 2283 2858 ..
2318 2847 2327 2857 .
2370 2823 2484 2858 sese

210 2891 515 2946 extendere
559 2892 954 2962 dignoscitur.“
984 2890 1004 2923 3

358 2979 424 3031 In
467 2980 722 3049 sequenti
766 2979 1011 3031 sessione
1056 2979 1199 3045 (erat
1225 2978 1362 3032 haec
1393 2978 1584 3031 ordine
1615 2976 2083 3049 quadragesima),
2124 2994 2265 3048 quae
2295 2975 2487 3030 eodem

211 3065 299 3118 die
342 3082 577 3135 vespere
632 3064 823 3116 habita
866 3070 974 3128 est,
1028 3064 1236 3116 lectum
1279 3069 1362 3116 est
1402 3082 1434 3116 a
1474 3063 1739 3134 theologo
1794 3069 1961 3134 caput
2003 3069 2259 3134 quartum
2302 3079 2489 3115 secun-

212 3150 343 3202 dum
386 3150 681 3203 formulam
725 3150 911 3221 Episc.
954 3149 1431 3203 Paderbornensis
1473 3150 1848 3203 emendatum.
1927 3149 1994 3202 In
2037 3167 2101 3201 eo
2142 3149 2322 3215 locu8‚
2384 3165 2489 3218 quo

212 3237 281 3289 de
325 3236 540 3289 obiecto
582 3235 998 3289 infallibilitatis
1039 3254 1219 3288 sermo
1263 3241 1362 3303 est,
1405 3241 1525 3289 erat
1565 3236 1678 3288 hic:
1742 3277 1787 3302 „.
1833 3277 1844 3290 .
1888 3278 1899 3290 .
1942 3235 2259 3288 Romanum
2300 3234 2490 3287 Ponti-

210 3324 370 3375 ficem
415 3364 425 3374 .
470 3365 480 3376 .
526 3366 536 3375 .
581 3321 789 3375 habere
833 3322 1071 3392 Spiritus
1111 3321 1300 3375 Sancti
1340 3322 1738 3387 assistentiam,
1792 3339 1900 3392 qua
1940 3321 2026 3388 fit,
2069 3325 2158 3387 ut,
2201 3337 2325 3372 cum
2367 3362 2377 3373 .
2423 3363 2433 3373 .
2479 3362 2489 3372 .

170 3429 172 3431 “
213 3409 421 3475 definit,
465 3408 596 3478 quid
637 3409 693 3460 in
734 3406 900 3460 rebus
941 3407 1071 3459 fidei
1113 3413 1168 3460 et
1208 3426 1423 3460 morum
1467 3408 1534 3460 ab
1577 3408 1836 3460 universa
1877 3406 2130 3460 Ecclesia
2169 3405 2275 3472 fide
2313 3405 2492 3458 divina

210 3494 523 3547 credendum
564 3493 941 3547 tenendumve
985 3494 1074 3546 vel
1117 3494 1479 3547 reiiciendum
1522 3494 1607 3558 sit,
1651 3510 1835 3546 errare
1866 3511 1977 3545 non
2017 3492 2213 3564 possit3
2255 3496 2309 3544 et
2350 3491 2491 3543 hanc

212 3579 455 3632 Romani
496 3578 782 3632 Pontificis
822 3578 1237 3631 infallibilitatis
1279 3578 1728 3649 praerogativam
1769 3577 1839 3629 ad
1880 3577 2025 3630 idem
2064 3576 2339 3630 obiectum
2369 3594 2492 3646 por-

212 3665 334 3734 rigi,
378 3665 447 3716 ad
492 3664 639 3735 quod
681 3663 1050 3716 infallibilitas
1091 3664 1380 3717 Ecclesiae
1419 3663 1793 3717 extenditur.“
1818 3663 1838 3694 “²

363 3851 378 3878 ¹
415 3852 496 3899 Ex
533 3853 662 3900 actis
701 3857 795 3900 eto.
869 3851 924 3900 O.
962 3852 1024 3900 V.
1069 3850 1246 3899 1683d
1285 3867 1359 3914 sq.
1544 3851 1559 3879 ²
1599 3852 1674 3899 Ex
1715 3851 1911 3899 diurnis
1952 3855 2046 3899 etc.
2109 3849 2163 3898 O.
2201 3849 2263 3897 V.
2307 3851 2488 3896 ITOOa.

359 3928 374 3955 3
413 3929 494 3976 Ex
526 3930 654 3977 actis
695 3934 790 3978 etc.
867 3929 922 3978 C.
960 3929 1023 3977 V.
1065 3931 1190 3977 1683
1209 3945 1249 3977 c.
1278 3929 1323 3977 d.
1541 3928 1561 3956 4
1598 3929 1677 3976 Ex
1713 3929 1841 3977 actis
1882 3932 1978 3976 etc.
2050 3928 2104 3976 O.
2143 3927 2205 3975 V.
2247 3926 2434 3973 16841).
