2548 4290
276 185 519 228 comment.
552 185 629 225 IV.
683 186 751 224 De
783 188 967 237 peccato
1003 184 1264 226 defectionis
1297 198 1323 225 a
1353 185 1440 226 fide
1471 186 1544 226 vel
1575 185 1870 228 dubitationis
1915 185 1968 226 de
2000 198 2063 226 ea.
2208 184 2273 234 69

72 330 288 384 schema
324 327 668 396 scripserunt.
717 324 1016 378 Adnotatio
1069 332 1250 378 autem
1291 331 1372 378 est
1410 327 1572 379 haec:
1620 370 1662 390 „.
1708 369 1717 378 .
1762 368 1770 378 .
1812 345 1989 396 neque
2018 327 2182 379 etiam
2221 326 2276 376 in

73 411 348 484 proposita
385 408 750 461 declaratione
790 407 1067 461 doctrinae
1107 414 1159 460 et
1186 407 1637 462 condemnatione
1676 412 1871 462 erroris
1898 411 2034 462 illud
2061 410 2278 478 attingi-

71 501 173 562 tur,
207 491 350 562 quod
377 490 544 560 aliqui
569 495 782 542 veteres
809 491 1050 559 theologi
1079 491 1377 544 concedere
1406 509 1514 544 non
1540 492 1805 559 dubitant,
1844 511 2001 562 posse
2032 511 2129 562 per
2154 492 2279 544 acci-

71 579 191 632 dens
229 582 282 629 et
319 576 374 626 in
416 575 572 626 certis
613 574 934 642 quibusdam
973 574 1240 626 adiunctis
1281 575 1665 627 conscientiam
1692 575 1841 627 rudis
1881 576 2158 628 cuiusdam
2185 575 2278 626 ho-

71 660 226 713 minis
265 657 514 709 catholici
553 657 628 708 ita
664 656 846 707 induci
885 657 941 708 in
982 674 1218 709 errorem
1259 658 1646 724 invincibilem,
1700 663 1761 709 ut
1799 664 2001 710 sectam
2041 659 2277 727 aliquam

71 740 460 796 heterodoxam
515 740 875 808 amplectatur
926 741 1040 792 sine
1090 745 1313 809 peccato
1356 740 1570 792 formali
1610 745 1796 792 contra
1835 742 2023 807 fidem,
2080 759 2185 810 qua
2223 741 2278 791 in

71 824 355 897 hypothesi
393 823 555 874 fidem
606 841 715 875 non
754 824 1042 888 amitteret,
1083 840 1185 875 nec
1225 823 1466 876 formalis
1504 823 1599 876 sed
1640 824 1932 876 materialis
1974 824 2279 876 haereticus

69 910 210 962 foret
249 908 490 975 (Tanner
531 906 597 959 de
647 906 752 958 fide
794 925 843 975 q.
886 909 934 958 2.
973 906 1099 959 dub.
1141 909 1190 959 5.
1230 925 1282 958 n.
1327 908 1454 972 1393
1507 907 1772 959 Platelius
1814 907 1880 959 de
1920 907 2024 959 fide
2075 926 2126 959 n.
2169 907 2278 973 61).

69 993 221 1047 Haec
261 991 479 1060 quidem
520 991 622 1041 nisi
664 991 969 1043 cautissime
1011 990 1372 1058 explicentur,
1414 990 1716 1057 periculose
1758 990 2126 1060 disputantur3
2185 989 2280 1041 sed

70 1077 137 1130 ab
191 1075 429 1140 haeresi,
482 1091 619 1143 quae
675 1092 826 1127 sacro
868 1073 1111 1126 Concilio
1163 1073 1528 1125 examinanda
1577 1075 1923 1143 proponitur,
1975 1079 2100 1126 sunt
2152 1074 2279 1125 alie-

70 1158 334 1212 nissima.“
371 1157 388 1189 1

213 1249 403 1317 Itaque
442 1247 828 1313 concludimuS,
868 1266 897 1299 a
927 1247 1168 1299 Concilio
1206 1247 1486 1298 definitum
1525 1265 1631 1298 non
1675 1265 1808 1313 esse,
1848 1266 2126 1317 nunquam
2164 1247 2281 1299 fieri

70 1348 242 1403 posse,
280 1337 338 1381 ut
378 1330 538 1382 homo
568 1330 861 1382 catholicus
889 1331 1003 1381 sine
1032 1335 1255 1398 peccato
1298 1330 1511 1381 formali
1536 1336 1711 1381 contra
1737 1330 1902 1397 fidem
1942 1331 2281 1382 divinitatem

70 1414 417 1467 institutionis
456 1412 735 1465 Ecclesiae
775 1415 829 1464 in
872 1413 1093 1464 dubium
1132 1418 1288 1464 vocet
1326 1413 1414 1464 vel
1455 1412 1521 1464 ab
1563 1431 1626 1465 ea
1665 1413 1896 1465 deficiat.

196 1498 406 1557 ‘Restat
445 1506 715 1574 quaestio,
768 1523 897 1556 num
937 1503 1238 1556 Concilium
1280 1504 1575 1569 definierit,
1627 1504 1900 1556 hominem
1955 1503 2280 1556 catholicum

71 1589 140 1640 ad
180 1588 342 1640 dubia
380 1588 552 1640 libera
592 1605 687 1640 seu
728 1588 795 1639 ad
826 1587 1189 1640 defectionem
1217 1588 1447 1639 transire
1477 1605 1585 1639 non
1613 1605 1786 1655 posse,
1827 1588 1954 1655 quin
1984 1593 2143 1638 antea
2175 1587 2282 1638 iam

71 1673 308 1741 graviter
358 1673 679 1740 peccaverit.
756 1672 953 1723 Facilis
994 1676 1074 1723 est
1123 1672 1420 1741 responsio.
1498 1671 1801 1723 Concilium
1855 1671 1997 1722 enim
2048 1670 2114 1721 de
2164 1670 2283 1721 aliis

72 1756 306 1826 peccatis
347 1756 563 1808 omnino
605 1773 713 1807 non
741 1756 1010 1824 loquitur3
1052 1760 1218 1824 negat
1251 1756 1442 1820 solum,
1483 1773 1759 1824 nunquam
1788 1755 2060 1806 hominem
2102 1754 2283 1805 catho-

71 1838 232 1891 licum
270 1839 326 1890 in
366 1855 429 1891 ea
469 1838 779 1891 conditione
821 1856 936 1891 esse
977 1856 1159 1908 posse,
1200 1843 1259 1889 ut
1298 1844 1444 1890 recte
1485 1843 1640 1906 agat,
1682 1838 1724 1889 si
1761 1838 1924 1889 fidem
1963 1838 2018 1889 in
2061 1837 2283 1889 dubium

72 1927 227 1974 vocet
277 1922 363 1974 vel
420 1939 537 1974 eam
580 1922 824 1987 deserat,
882 1940 976 1973 seu
1016 1928 1075 1973 ut
1115 1922 1182 1973 ad
1233 1921 1288 1973 id
1340 1922 1607 1974 obiective
1647 1922 1891 1990 legitima
1943 1922 2082 1973 adsit
2130 1922 2285 1975 ratic.

71 2005 238 2071 Eum,
289 2007 332 2058 si
370 2024 402 2058 a
441 2007 678 2075 peccatis
718 2005 978 2070 abstinet,
1033 2006 1207 2074 gratia
1258 2005 1441 2056 divina
1491 2023 1522 2056 a
1562 2006 1867 2057 calamitate
1908 2010 2180 2057 servatum
2219 2004 2285 2055 iri

71 2088 233 2141 fidem
275 2107 344 2142 ex
372 2089 674 2141 invincibili
710 2107 892 2142 errore
920 2089 1221 2154 deserendi,
1263 2089 1317 2140 id
1358 2089 1577 2141 aliunde
1620 2089 1908 2142 ostendant
1947 2089 2213 2156 theologi,
2253 2106 2284 2140 a

72 2171 312 2225 Concilio
353 2191 461 2226 non
502 2173 772 2224 definitur.
851 2173 1116 2242 Theologi
1159 2173 1300 2224 enim
1342 2173 1448 2239 illi,
1508 2173 1599 2242 qui
1638 2178 1858 2242 putant,
1897 2190 1995 2241 per
2035 2172 2284 2224 accidens

71 2254 188 2308 fieri
226 2274 410 2325 posse,
460 2259 520 2307 ut
569 2256 729 2308 homo
770 2256 1064 2308 catholicus
1104 2257 1252 2307 rudis
1293 2256 1407 2307 sine
1448 2261 1671 2324 peccato
1723 2256 1934 2308 formali
1977 2256 2045 2308 ad
2084 2261 2284 2308 sectam

70 2344 309 2391 transeat
349 2370 416 2376 —
457 2356 618 2408 quam
655 2340 966 2408 opinionem
996 2339 1298 2391 Concilium
1338 2340 1563 2391 reiicere
1605 2358 1712 2392 non
1744 2341 1886 2391 velle
1927 2341 2157 2391 vidimus
2197 2369 2282 2405 —,

72 2439 181 2474 non
222 2421 560 2490 distinguunt
601 2421 741 2473 inter
782 2427 1065 2490 peccatum
1106 2428 1294 2474 contra
1334 2422 1495 2473 fidem
1536 2429 1589 2474 et
1631 2422 1737 2474 alia
1776 2428 2017 2492 peccata.

218 2513 376 2574 Quod
416 2514 516 2564 hac
567 2514 1020 2565 commentatione
1063 2513 1417 2577 ostendimus,
1471 2514 1632 2565 etiam
1683 2514 1787 2565 alio
1828 2519 2149 2581 argumento
2189 2531 2285 2566 nos

72 2596 391 2648 confirmare
432 2614 588 2664 posse
629 2602 897 2665 putamus.
973 2598 1037 2663 Ii,
1080 2598 1172 2666 qui
1212 2596 1563 2661 contendunt,
1601 2597 1780 2648 Deum
1821 2597 2136 2665 permittere
2176 2615 2284 2648 non

73 2697 248 2750 posse,
287 2684 347 2731 ut
385 2680 545 2732 homo
587 2679 901 2745 catholicus,
944 2681 1034 2748 qui
1074 2698 1105 2731 a
1144 2680 1380 2749 peccatis
1410 2680 1660 2744 abstinet,
1703 2681 2033 2732 conscientia
2060 2681 2284 2732 invinci-

73 2762 257 2815 biliter
298 2780 525 2815 erronea
565 2763 631 2814 ab
672 2763 916 2816 Ecclesia
956 2764 1116 2832 plane
1146 2763 1378 2828 deficiat,
1420 2769 1566 2815 certe
1594 2782 1702 2816 non
1729 2764 1891 2816 iidem
1933 2765 2284 2831 contendunt,

72 2845 252 2898 Deum
293 2847 605 2915 permittere
634 2865 742 2897 non
769 2864 943 2916 posse,
985 2853 1044 2898 ut
1069 2847 1228 2899 homo
1259 2848 1572 2912 catholicus,
1615 2847 1705 2915 qui
1732 2846 1836 2898 Dei
1876 2848 2056 2915 legem
2090 2854 2285 2914 servat,

72 2929 129 2981 in
169 2948 408 2982 errorem
446 2930 818 2981 invincibilem
852 2930 1121 2996 inductus,
1160 2933 1350 2982 serium
1391 2931 1449 2982 cle
1482 2930 1589 2999 fide
1627 2930 1841 2982 dubium
1879 2932 2158 3000 aliquando
2196 2932 2286 2984 acl-

71 3014 251 3067 mittat.
327 3013 519 3082 Neque
562 3014 732 3080 enim,
774 3014 817 3065 si
857 3032 986 3065 mox
1024 3014 1093 3066 ad
1134 3015 1415 3066 veritatem
1457 3014 1623 3079 redit,
1675 3015 1728 3065 in
1769 3014 1862 3065 illa
1903 3014 2052 3066 dubii
2091 3015 2286 3067 admis-

74 3095 222 3148 sione
262 3096 432 3148 maior
471 3096 686 3147 videtur
726 3114 842 3148 esse
884 3097 1187 3162 calamitaS,
1236 3115 1395 3166 quam
1435 3098 1491 3148 in
1532 3098 1636 3149 alio
1677 3098 1913 3166 graviori
1952 3103 2176 3166 peccato
2218 3099 2285 3151 ob

74 3195 313 3231 errorem
342 3179 642 3232 commisse.
702 3179 837 3231 Inde
870 3198 1010 3232 novo
1041 3187 1360 3249 argumento
1389 3181 1697 3250 probamus,
1739 3181 2040 3233 Concilium
2067 3182 2286 3234 Vatica-

6 3287 10 3290 -
75 3278 203 3312 num
243 3280 351 3314 non
392 3262 725 3326 definivisse,
767 3263 1040 3315 hominem
1083 3264 1408 3315 catholicum
1449 3265 1563 3316 sine
1603 3269 1827 3333 peccato
1869 3263 2083 3315 formali
2122 3264 2285 3316 fidem

75 3345 395 3397 catholicam
451 3345 703 3397 deserere
757 3364 865 3398 non
917 3364 1092 3415 posse.
1168 3347 1387 3399 Etenim
1439 3353 1585 3399 certe
1625 3365 1731 3399 non
1785 3347 2053 3414 definivit,
2105 3347 2284 3399 Deum

75 3444 350 3497 nunquam
391 3429 722 3496 permittere,
762 3433 822 3480 ut
858 3428 1020 3481 homo
1061 3429 1357 3481 catholicus
1393 3430 1683 3499 aliquando
1726 3447 1791 3481 ex
1834 3448 2015 3482 errore
2053 3430 2285 3499 quodam

74 3509 373 3562 invincibili
422 3512 535 3563 sine
587 3516 810 3580 peccato
863 3512 1078 3564 formali
1130 3513 1354 3565 dubium
1406 3520 1595 3566 contra
1643 3514 1804 3565 fidem
1861 3516 2137 3566 sustineat.
2229 3515 2284 3567 Si

75 3598 255 3645 autem
305 3593 360 3645 id
413 3611 517 3646 non
562 3594 835 3660 definivit,
891 3613 959 3647 ne
1000 3596 1229 3648 alterum
1272 3597 1491 3665 quidem
1532 3596 1806 3663 definivit,
1861 3615 1929 3648 sc.
1969 3598 2284 3665 fieriplane

76 3692 185 3727 non
223 3694 396 3745 posse,
436 3683 496 3728 ut
534 3678 691 3729 homo
733 3678 1025 3730 catholicus
1065 3679 1179 3731 sine
1220 3687 1440 3748 peccato
1482 3680 1695 3731 formali
1736 3679 1801 3731 ab
1840 3679 2084 3731 Ecclesia
2125 3682 2284 3750 plane

224 3890 239 3918 ¹
276 3891 485 3939 Schema
524 3897 618 3940 etc.
689 3893 743 3942 C.
780 3894 842 3942 V.
879 3896 1019 3942 534d
1056 3911 1128 3957 sq.
