2548 4290
162 108 233 159 94
365 108 481 149 Pars
513 108 547 149 Ι.
606 106 762 149 Const.
798 106 854 148 de
886 104 989 147 fido.
1055 105 1166 160 Cap.
1201 105 1285 146 111.
1340 105 1450 160 Ipsa
1484 103 1678 146 Constit.
1712 117 1815 146 cum
1848 104 2241 147 adnotationibus.

310 253 405 323 [5.]
449 253 645 323 Neque
688 253 837 305 enim
877 252 1010 306 fidei
1052 252 1335 312 doctrina,
1378 269 1543 322 quam
1583 251 1739 305 Deus
1782 252 2082 319 revelavit,
2122 253 2276 305 velut
2316 253 2437 323 phi-

159 338 504 409 losophicum
544 339 833 390 inventum
876 338 1159 408 proposita
1210 342 1293 389 est
1330 336 1586 390 humanis
1627 338 1866 407 ingeniis
1918 336 2284 407 perficienda,
2339 338 2438 393 sed

158 427 425 493 tanquam
477 422 725 475 divinum
782 422 1095 493 depositum
1139 422 1345 476 Christi
1388 421 1637 492 Sponsae
1689 423 1920 488 tradita,
1978 422 2218 476 fideliter
2259 428 2440 477 custo-

160 508 364 561 dienda
404 513 459 561 et
498 507 871 562 infallibiliter
912 508 1268 562 declaranda.
1335 507 1486 561 Hinc
1527 526 1811 562 sacrorum
1852 527 2073 580 quoque
2116 508 2439 580 dogmatum

156 593 202 645 is
243 610 435 646 sensus
476 599 748 664 perpetuo
792 600 874 647 est
903 593 1246 661 retinendUS,
1288 611 1456 665 quem
1486 594 1659 647 semel
1694 594 2001 647 declaravit
2028 594 2233 648 Sancta
2261 594 2442 648 Mater

157 677 425 746 Ecclesia,
467 696 570 732 nec
610 698 854 749 unquam
897 679 965 732 ab
996 697 1061 733 eo
1103 698 1285 746 sensu,
1322 680 1534 733 altioris
1575 680 1981 751 intelligentiae
2023 680 2209 752 specie
2250 685 2306 734 et
2345 697 2442 734 no-

158 764 336 830 mine,
394 763 770 817 recedendum
791 765 825 817 ¹.
905 764 1135 818 Crescat
1175 765 1346 834 igitur
1388 770 1443 817 et
1485 765 1719 817 multum
1763 766 2238 837 vehementerque
2279 765 2444 836 profi-

158 979 402 1030 firmitate
440 986 490 1030 et
527 998 618 1044 per
657 983 876 1030 abusum
914 982 1133 1030 rationis
1159 984 1333 1044 potest
1359 982 1591 1030 deveniri
1617 982 1682 1030 ad
1719 981 2007 1029 sententias
2043 979 2143 1044 ipsi
2179 979 2444 1028 revelatae

158 1059 372 1107 veritati
408 1060 689 1123 oppositas.
762 1059 872 1107 Iam
923 1074 1045 1107 vero
1085 1063 1208 1108 sunt
1242 1060 1381 1108 inter
1418 1059 1933 1117 semirationalistas,
1988 1058 2077 1121 qui
2113 1059 2165 1106 in
2201 1058 2281 1105 his
2317 1057 2444 1120 ipsis-

160 1137 375 1185 obiectis
412 1137 531 1185 fidei
569 1142 621 1186 et
658 1138 911 1186 scientiae
950 1137 1314 1187 communibus
1352 1138 1622 1200 postulent
1659 1137 1876 1185 rationis
1920 1152 1979 1185 ac
2017 1136 2266 1184 scientiae
2301 1135 2439 1183 inde·

162 1216 492 1278 pendentiam
530 1232 559 1264 a
595 1216 695 1264 fide
731 1217 832 1277 ita,
886 1220 944 1264 ut
979 1215 1106 1264 fides
1143 1230 1248 1263 non
1284 1216 1448 1279 possit
1484 1222 1907 1279 praemonstrare
1946 1215 2236 1276 veritatem,
2274 1229 2305 1261 a
2341 1228 2440 1276 qua

163 1294 437 1342 dissentire
483 1294 657 1356 nefas,
709 1299 760 1342 et
798 1310 1021 1357 quacum
1058 1294 1352 1342 consentire
1389 1310 1604 1342 necesse
1642 1294 1724 1342 sit.
1796 1294 1961 1341 Aiunt
1998 1293 2161 1352 enim,
2212 1290 2442 1341 subverti

160 1372 442 1434 legitimam
481 1373 776 1422 libertatem
816 1374 1086 1435 ipsamque
1123 1377 1363 1420 naturam
1405 1373 1669 1434 scientiae,
1709 1373 1751 1420 si
1787 1373 1908 1420 huic
1946 1388 2037 1435 per
2074 1372 2225 1420 fidem
2265 1376 2317 1419 et
2354 1384 2444 1433 per

160 1451 515 1514 magisterium
552 1452 815 1500 Ecclesiae
853 1452 1266 1515 praestituantur
1304 1451 1583 1515 principia,
1638 1468 1668 1499 a
1705 1451 1893 1514 quibus
1942 1450 2185 1514 progredi
2230 1462 2444 1498 necesse

161 1530 255 1591 sit,
306 1533 356 1578 et
394 1531 775 1592 conclusiones,
826 1531 891 1579 ad
931 1547 1057 1594 quas
1096 1532 1368 1593 pervenire
1407 1531 1621 1591 debeat,
1672 1531 1744 1578 ita
1792 1534 1851 1579 ut
1886 1531 1988 1578 iam
2025 1530 2078 1577 in
2115 1532 2445 1577 antecessum

162 1609 518 1672 praescriptus
558 1609 623 1657 sit
662 1625 946 1657 consensus
985 1625 1099 1656 cum
1141 1609 1377 1657 doctrina
1414 1609 1561 1669 fidei,
1613 1609 1692 1657 vel
1732 1610 1912 1657 saltem
1962 1610 2182 1672 veyative
2218 1606 2447 1670 postule-

162 1691 263 1747 tur,
303 1690 361 1734 ut
398 1703 501 1735 non
541 1688 606 1735 sit
645 1688 911 1735 dissensus
938 1689 1002 1735 ab
1032 1688 1210 1735 eadem
1236 1687 1356 1735 fidei
1384 1688 1649 1749 doctrina,
1687 1688 1784 1736 hoc
1822 1687 1973 1736 modo
2000 1686 2114 1735 tolli
2139 1685 2445 1734 facultatem

161 1766 492 1813 examinandi
529 1766 696 1828 ipsum
724 1766 919 1814 factum
949 1766 1302 1825 revelationis,
1342 1770 1501 1829 atque
1527 1767 1660 1814 hanc
1697 1781 1802 1813 non
1840 1766 2025 1814 seriam
2066 1765 2157 1813 sed
2192 1764 2446 1811 ludicram

160 1842 274 1890 fore
323 1844 572 1892 scientiae
622 1844 989 1892 tractationem
1029 1844 1517 1905 (Frohschammer,
1574 1845 1650 1892 De
1698 1844 1942 1892 libertate
1981 1843 2229 1891 scientiae
2265 1857 2316 1904 p.
2355 1842 2446 1902 823

160 1920 359 1969 Introd.
397 1922 449 1969 in
487 1921 669 1985 philos.
708 1938 756 1983 p.
796 1924 907 1970 307.
948 1921 1082 1981 314).

313 2000 413 2062 „At
451 2001 590 2063 quod
625 2000 726 2048 fide
753 2001 1011 2048 catholica
1035 2001 1363 2063 proponitur,
1403 2007 1482 2048 est
1519 2001 1701 2063 utique
1739 1999 2084 2049 infallibiliter
2119 2014 2300 2046 verum
2336 2001 2446 2045 tum

160 2078 362 2126 ratione
399 2078 494 2126 Dei
531 2077 810 2126 revelantis
848 2082 957 2125 tum
996 2078 1199 2126 ratione
1233 2078 1501 2126 Ecclesiae
1538 2079 1896 2141 proponentiS,
1935 2082 2093 2140 atque
2117 2076 2238 2125 ideo'
2272 2090 2448 2138 super-

158 2157 387 2205 naturali
436 2161 486 2205 et
538 2157 949 2205 incommutabili
993 2157 1094 2205 fide
1143 2157 1476 2205 credendum.
1549 2157 1678 2205 Cum
1728 2162 1902 2205 autem
1952 2171 2133 2204 verum
2182 2168 2305 2202 vero
2342 2168 2447 2201 non

158 2235 323 2298 possit
362 2235 734 2295 contradicere,
773 2251 869 2283 nec
905 2236 1071 2298 possit
1098 2250 1210 2283 esse
1245 2252 1428 2283 verum
1462 2237 1513 2283 in
1551 2236 1893 2299 philosophia,
1936 2235 2073 2298 quod
2110 2234 2299 2281 falsum
2335 2246 2449 2280 esse

160 2314 422 2362 infallibili
458 2313 557 2361 fide
595 2317 828 2374 constat3
877 2313 1096 2362 assertio
1146 2314 1265 2361 talis
1303 2314 1582 2374 ‚libertatis
1621 2311 1907 2373 scientiae‘,
1956 2316 2016 2361 ut
2062 2312 2190 2360 fides
2237 2327 2342 2359 non
2380 2309 2448 2358 sit

160 2392 486 2455 respicienda
523 2396 773 2454 tanquam
810 2407 993 2440 norma
1031 2392 1258 2454 dirigens
1308 2393 1373 2440 ad
1411 2393 1670 2441 cavendos
1709 2408 1943 2453 errores,
1994 2391 2085 2440 sed
2121 2388 2449 2454 philosophia

161 2471 365 2518 dicatur
403 2471 677 2518 tractanda
726 2470 887 2531 ,nulla
933 2471 1114 2518 habita
1162 2471 1366 2519 ratione
1413 2472 1749 2519 revelationis
1799 2466 2249 2533 supernaturalis‘,
2301 2468 2447 2530 haec,

161 2549 391 2611 inquam,
430 2548 649 2596 assertio
688 2548 908 2596 includit
945 2548 1278 2611 negationem
1306 2548 1580 2597 absolutae
1607 2549 1935 2597 certitudinis
1972 2552 2024 2596 et
2059 2545 2447 2595 infallibilitatis

161 2627 213 2674 in
250 2627 362 2689 ipsa
405 2627 628 2674 veritate
675 2626 795 2674 fidei
845 2630 896 2675 et
940 2627 992 2675 in
1040 2628 1397 2690 propositione
1434 2627 1718 2675 Ecclesiae.
1788 2627 2034 2675 Profecto
2085 2625 2220 2673 enim
2259 2639 2448 2687 suppo-

162 2706 261 2753 sita
308 2705 681 2753 infallibilitate
733 2705 998 2754 Ecclesiae
1052 2709 1102 2754 et
1150 2706 1392 2755 absoluta
1444 2706 1757 2754 certitudine
1800 2705 1921 2754 fidei
1970 2704 2290 2764 catholicae,
2343 2703 2445 2750 iam

161 2783 342 2832 eadem
369 2783 683 2832 certitudine
720 2784 885 2831 omnis
913 2784 1200 2847 propositio
1229 2785 1491 2832 contraria
1517 2785 1568 2832 in
1597 2790 1927 2833 antecessum
1964 2785 2189 2832 habetur
2213 2784 2273 2830 ut
2298 2780 2445 2842 falsa,

162 2877 220 2909 ac
257 2862 474 2922 proinde
511 2877 615 2909 non
653 2862 935 2909 secundum
974 2862 1116 2924 leges
1152 2863 1413 2924 genuinae
1451 2863 1726 2924 scientiae,
1782 2863 1872 2911 sed
1907 2862 1990 2910 vel
2028 2877 2092 2909 ex
2129 2860 2274 2908 falsis
2310 2858 2447 2922 prin-

160 2939 305 3003 cipiis
352 2939 436 2987 vel
486 2956 578 3002 per
631 2941 1056 3002 consequentiam
1106 2956 1210 2988 non
1246 2941 1529 3002 legitimam
1569 2942 1818 3001 deducta,
1872 2941 1994 2989 licet
2044 2939 2181 2987 forte
2217 2937 2446 2985 nondum

160 3017 443 3065 scientifice
480 3022 709 3078 constet,
750 3019 839 3066 ubi
878 3022 930 3066 et
968 3019 1227 3081 quomodo
1268 3020 1334 3066 sit
1372 3023 1618 3067 erratum.
1691 3019 1802 3067 Hoc
1841 3023 2017 3066 autem
2052 3017 2223 3079 ipsum
2260 3019 2313 3063 et
2349 3015 2446 3063 hoc

160 3111 321 3143 unum
359 3096 673 3158 postulatur,
714 3097 920 3159 quando
950 3097 1155 3157 dicitur,
1193 3096 1347 3144 fidem
1375 3097 1767 3160 doctrinamque
1795 3096 2061 3145 Ecclesiae
2085 3095 2136 3141 in
2164 3092 2447 3156 disciplinis

162 3173 319 3221 etiam
368 3174 739 3236 philosophicis
790 3179 841 3222 et
889 3175 1218 3223 naturalibus
1256 3191 1381 3238 prae
1431 3176 1594 3223 oculis
1631 3175 1923 3224 habendam
1973 3189 2086 3222 esse
2126 3173 2286 3234 ‚velut
2324 3172 2445 3219 stel-

159 3251 262 3299 lam
300 3252 596 3313 rectricem,
648 3268 751 3315 qua
786 3253 1124 3315 praelucente
1163 3254 1406 3302 catholici
1444 3254 1777 3302 scientiarum
1827 3253 2055 3301 cultores
2094 3251 2191 3299 sibi
2228 3266 2258 3298 a
2296 3250 2447 3313 syrti-

160 3331 256 3379 bus
296 3334 348 3378 et
385 3330 650 3378 erroribus
689 3329 974 3379 caveant‘.“
1050 3331 1127 3392 (O.
1167 3331 1227 3380 V.
1268 3333 1410 3380 535d
1450 3331 1583 3396 sqq.)

311 3409 325 3435 1
365 3407 634 3465 Quomodo
662 3409 823 3472 aliqui
854 3411 1081 3470 „altioris
1118 3411 1498 3472 intelllgentiae
1537 3412 1706 3475 specie
1747 3414 1797 3458 et
1834 3406 2070 3457 nomine“
2114 3407 2442 3471 dogmatibus

161 3487 258 3535 sibi
292 3503 482 3535 novum
523 3502 729 3534 sensum
768 3488 1103 3536 tribuendum
1142 3504 1256 3536 esse
1292 3493 1508 3551 putent,
1562 3492 1832 3551 exponunt
1868 3487 2100 3549 theologi
2137 3487 2189 3534 in
2228 3486 2443 3533 adnota-

160 3565 301 3613 tione
337 3565 672 3628 respondenti
708 3566 822 3613 loco
863 3566 1139 3622 schematis
1180 3566 1241 3614 de
1280 3566 1516 3615 doctrina
1564 3566 1822 3614 catholica
1869 3566 2065 3613 adieta:
2118 3566 2315 3614 Putant
2351 3564 2441 3624 illi,

159 3643 453 3703 profectum
490 3644 542 3691 in
578 3644 922 3705 intelligentia
958 3645 1193 3692 veritatis
1220 3646 1482 3693 revelatae
1513 3645 1867 3706 „potissimum
1894 3645 2122 3706 pendere
2159 3660 2189 3691 a
2226 3642 2442 3691 scientia

160 3721 544 3783 philosophica,
596 3725 647 3769 et
683 3721 1004 3783 theologicas
1042 3722 1338 3784 disciplinas
1375 3722 1588 3785 perinde
1626 3739 1685 3770 ac
1721 3722 2104 3785 philosophicas
2142 3720 2442 3769 tractandas

163 3814 275 3846 esse
325 3797 535 3859 (Syllab.
575 3797 727 3860 Prop.
765 3797 955 3858 VIII.).
1027 3799 1096 3846 Hi
1147 3799 1352 3859 dicunt,
1401 3799 1799 3862 intelligentiam
1848 3798 2147 3861 dogmatum
2197 3813 2308 3845 esse
2354 3813 2442 3844 va-

162 3876 291 3923 riam
331 3876 545 3923 diversis
593 3876 854 3924 aetatibus
891 3893 983 3940 pro
1024 3877 1226 3924 diverso
1267 3881 1407 3925 statu
1447 3878 1785 3926 scientiarum
1833 3876 2338 3940 philosophicarum:
2387 3875 2438 3921 in

163 3952 429 4016 Apostolis
487 3954 885 4017 intelligentiam
935 3955 1098 4002 fuisse
1145 3970 1248 4003 non
1301 3955 1508 4017 quidem
1557 3955 1742 4003 falsam
1796 3955 1884 4003 sed
1937 3954 2326 4017 imperfectam3
2387 3952 2439 3999 in
