2548 4290
186 89 289 141 132
356 90 470 131 Pars
501 87 560 129 11.
619 85 775 129 Const.
810 84 865 127 de
898 85 1023 126 Eccl.
1096 84 1207 139 Cap.
1238 85 1298 128 11.
1356 85 1773 129 Commentationes
1808 87 1864 129 de
1896 88 2135 142 aliquibus
2167 88 2298 131 locis.

334 235 638 308 „Equidem
682 235 738 287 in
791 233 976 287 verbis
1026 234 1341 288 donationis
1385 235 1590 289 Christi
1631 235 1891 307 Apostoli
1944 256 2055 291 non
2108 218 2494 299 nominantur⁴
2546 219 2548 221 A

180 323 285 377 nisi
324 323 381 375 in
423 321 646 390 obliquo
699 323 755 372 et
807 319 1106 390 implicite3
1161 320 1383 373 nomine
1424 319 1711 374 Ecclesiae
1754 321 2133 378 aedificandae
2194 330 2249 378 et
2303 328 2462 397 regni
2545 380 2547 383 ,

181 408 459 462 coelorum
510 403 822 472 adunandi,
877 404 1179 476 praecipue
1222 404 1455 458 veniunt
1495 406 1771 476 Apostoli.
1852 406 1992 460 Cum
2035 425 2168 479 ergo
2210 409 2462 466 Ecclesia
2497 461 2501 464 .
2545 421 2548 428 '

180 490 525 547 aedificanda
563 490 632 542 sit
672 507 840 560 super
880 493 1093 561 petram
1138 489 1617 543 fundamentalem
1658 491 1919 556 Petrum3
1975 493 2255 564 sequitur,
2314 497 2459 566 quod
2546 547 2548 549 ,

180 578 375 632 relat-io
416 577 562 630 inter
590 575 822 628 Petrum
864 580 918 628 et
946 574 1249 646 Apostolos
1290 575 1346 627 in
1389 575 1493 629 hoc
1534 580 1695 629 textu
1738 577 1807 629 sit
1834 577 2032 631 relatio
2078 578 2224 632 inter
2264 579 2460 636 funda·
2546 607 2548 611 ¹

178 668 426 717 mentum
467 666 522 715 et
561 660 892 713 aedificium.
973 660 1426 714 Fundamentum
1479 661 1714 714 sustinet
1754 662 2097 731 aedificium,
2149 682 2261 718 non
2301 666 2460 720 susti·
2498 700 2499 704 =
2546 718 2548 721 .

178 754 358 817 netur,
400 747 545 818 regit
585 751 640 799 et
676 763 786 798 non
815 745 1055 815 regitur3
1096 763 1206 798 uno
1236 746 1425 814 verbo,
1469 765 1501 800 a
1540 746 1905 801 fundamento
1949 748 2264 803 aedificium
2299 751 2457 806 abso·
2546 791 2548 795 f

176 835 292 889 lute
353 833 593 906 pendet,
647 849 757 884 non
812 831 1115 884 viceversa.
1195 830 1345 902 Ergo
1404 832 1599 886 relatio
1653 833 2052 903 Apostolorum
2105 834 2175 887 ad
2228 835 2457 890 Petrum

178 925 445 992 quantum
487 918 558 971 ad
598 934 715 970 rem
757 916 933 988 ipsam
975 922 1058 970 est
1099 917 1296 971 relatio
1335 917 1625 971 absolutae
1667 918 2096 989 dependentiae.
2510 969 2519 997 ¹3

330 1005 519 1074 „Idem
562 1002 859 1057 dicendum
902 1002 970 1056 de
1012 1003 1254 1057 secundo
1297 1004 1613 1058 testimonio
1654 1004 1786 1057 Luc,
1817 1006 1914 1058 22:
1957 1005 2086 1059 Ecce
2123 1013 2340 1061 satanas
2380 1026 2458 1062 eac--
2505 1025 2522 1032 ”

166 1092 345 1162 petivit
394 1109 477 1144 vos
519 1132 529 1143 .
576 1133 585 1142 .
630 1131 640 1140 .
679 1089 938 1152 confirma
964 1088 1174 1157 fratres
1229 1095 1356 1142 tuos,
1437 1089 1724 1161 Apostolis
1777 1091 2163 1162 praesentibus
2207 1091 2457 1146 Christus
2499 1088 2511 1103 ⁴
2546 1084 2548 1134 Ϊ

179 1177 448 1249 praedicit
490 1176 789 1229 maximam
832 1175 1203 1228 tentationem
1244 1181 1471 1228 satanae
1514 1180 1706 1229 contra
1734 1176 1900 1247 ipsos,
1942 1182 2059 1229 tum
2088 1177 2302 1231 subdit:
2346 1178 2455 1249 ch·
2547 1196 2548 1199 ’

175 1269 348 1317 autem
388 1262 568 1331 νοραυι·
597 1279 699 1331 pro
739 1266 808 1327 te,
860 1266 916 1313 ut
957 1278 1061 1313 non
1105 1260 1312 1329 deficiat
1356 1260 1496 1329 fides
1534 1266 1659 1329 tuem
1720 1279 1791 1314 en
1844 1262 2120 1315 charisma
2160 1263 2450 1335 personale
2497 1270 2511 1329 ᾗ
2546 1256 2548 1277 ³

176 1351 362 1404 Petro.
442 1347 514 1401 Et
567 1364 840 1418 quaenam
897 1346 1093 1399 relatio
1144 1346 1214 1399 ad
1257 1346 1595 1416 Apostolos?
1664 1346 1993 1417 Subiungit:
2057 1347 2141 1401 Tu
2191 1366 2458 1403 conversus>

175 1436 435 1505 confirma
462 1433 674 1504 fratres
711 1438 837 1485 tuos,
918 1431 1069 1502 Ergo
1111 1432 1310 1486 relatio
1354 1432 1508 1485 Petri
1550 1431 1621 1486 ad
1662 1432 1963 1504 Apostolos
2006 1439 2089 1487 est
2129 1434 2326 1488 relatio
2369 1453 2452 1489 su·
2547 1438 2548 1484 ζ

175 1521 409 1594 perioris
450 1520 520 1573 ad
560 1518 978 1586 subordinatOS,
1037 1518 1242 1590 quippe
1283 1518 1492 1589 absque
1535 1518 1973 1572 contradictione
2016 1519 2163 1590 quod
2205 1519 2385 1572 minus
2426 1537 2453 1573 a
2547 1565 2548 1568 ,

176 1607 370 1661 maiori
423 1604 796 1659 confirmatur.
875 1603 948 1657 Et
1000 1604 1056 1656 in
1099 1623 1229 1658 casu
1271 1609 1458 1657 nostro
1519 1609 1601 1656 est
1642 1603 1839 1657 relatio
1898 1605 2146 1675 magistri
2187 1604 2256 1657 ad
2299 1605 2455 1658 disci-

176 1693 353 1764 pulos,
396 1697 478 1745 est
517 1691 719 1744 iterum
763 1689 1172 1761 dependentiae
1213 1689 1520 1744 absolutae.

329 1777 482 1847 „Nec
537 1776 706 1829 alium
763 1793 984 1829 sensum
1042 1776 1315 1846 praebent
1372 1776 1543 1829 verba
1593 1776 1744 1830 tertii
1795 1776 2095 1830 testimonii
2154 1776 2309 1831 Ioan.
2361 1778 2457 1830 21:
2547 1772 2548 1781 ’

175 1865 333 1917 Pasce
371 1880 495 1917 oves,
562 1862 895 1914 Praesentes
937 1866 1095 1914 erant
1137 1879 1327 1914 omnes
1370 1860 1629 1931 Apostoli
1671 1860 1742 1914 ad
1782 1861 1915 1914 litus
1955 1861 2138 1916 maris
2207 1860 2457 1916 Christus
2515 1873 2548 1927 *5

177 1949 497 2021 expostulat
538 1967 570 2001 a
598 1948 767 2001 Petro
809 1947 1017 2018 triplex
1060 1947 1263 2018 pignus
1292 1948 1494 2001 amoris
1535 1966 1669 2019 prae
1700 1948 1955 2001 omnibus
1985 1947 2270 2018 Apostolis
2298 1965 2457 2020 prae-

175 2036 440 2101 sentibus,
483 2034 705 2087 nemine
748 2039 1019 2104 except03
1063 2039 1118 2086 et
1159 2039 1354 2104 postea
1396 2033 1614 2087 confert
1653 2034 1734 2087 illi
1777 2052 2093 2106 supremam
2122 2039 2455 2105 potestatem
2507 2055 2509 2058 ·
2547 2104 2548 2107 Ἴ

176 2122 501 2193 promissam
554 2136 719 2190 super
763 2137 983 2172 omnes:
1040 2119 1199 2172 Pasce
1239 2137 1373 2186 oves,
1425 2137 1578 2189 pasce
1630 2137 1804 2190 (197203.
1883 2119 2035 2189 Ergo
2077 2119 2273 2173 relatio
2314 2119 2458 2173 inter
2546 2166 2548 2169 Α

176 2209 406 2262 Petrum
450 2211 505 2259 et
545 2205 845 2277 Apostolos
888 2223 958 2258 ex
1002 2205 1104 2258 hoc
1146 2206 1311 2259 tertio
1354 2206 1670 2259 testimonio
1730 2210 1811 2259 est
1852 2206 2049 2259 relatio
2090 2205 2235 2258 inter
2275 2210 2457 2277 pasto·
2525 2231 2531 2261 t

177 2312 293 2348 rem
346 2299 400 2347 et
454 2309 613 2358 oveS,
666 2291 769 2344 hoc
826 2296 908 2344 est
961 2291 1282 2345 omnimoda
1322 2291 1722 2346 subordinatiO.
1802 2291 1948 2353 Quid
2002 2291 2244 2345 clarius?
2312 2291 2458 2354 Quid

177 2380 393 2452 quaerit
434 2378 670 2449 amplius
714 2378 1081 2431 emendator?

330 2468 604 2539 „Ergone,
648 2468 795 2522 dicet
831 2468 1047 2539 aliquiS,
1090 2474 1146 2523 et
1187 2470 1394 2523 dictum
1438 2474 1536 2537 est,
1579 2468 1897 2522 omnimoda
1936 2474 1992 2521 et
2020 2468 2188 2539 plena
2215 2471 2460 2539 potestas
2514 2454 2548 2521 ³2³³&

178 2556 282 2609 erit
322 2555 530 2625 absque
572 2555 686 2607 ulla
738 2555 1069 2608 limitatione
1122 2555 1178 2607 in
1219 2555 1437 2608 Petro‘?
1506 2555 1715 2625 Utique
1773 2554 2052 2626 duplicem
2106 2554 2277 2608 habet
2316 2553 2460 2606 limi·
2512 2543 2536 2621 ζ

180 2642 466 2707 tationem,
510 2641 745 2694 activam
787 2659 972 2708 unam,
1016 2646 1076 2693 ut
1117 2642 1193 2694 ita
1235 2640 1430 2709 dicam,
1474 2646 1528 2694 et
1569 2641 1803 2694 alteram
1844 2640 2139 2711 passivam.

332 2729 554 2797 „Habet
596 2731 835 2784 activam
878 2748 950 2783 ex
991 2735 1149 2801 parte
1191 2729 1396 2784 Christi
1440 2730 1715 2798 donantis,
1759 2731 1853 2801 qui
1894 2731 2000 2784 ait:
2043 2728 2166 2800 Ego
2209 2727 2460 2782 Christus
2519 2724 2548 2791 ἔ]

176 2814 330 2868 Deus
374 2815 516 2868 dabo
561 2816 688 2882 tibi;
733 2833 835 2885 ego
878 2817 1073 2886 rogavi
1115 2835 1212 2887 pro
1256 2821 1340 2882 te,
1385 2833 1548 2887 pasce
1592 2834 1722 2869 oves
1764 2834 1932 2870 meas,
2012 2814 2208 2885 Itaque
2251 2818 2460 2866 tantam

178 2907 509 2971 potestatem
551 2901 722 2955 habet
750 2902 969 2968 Petrus,
1013 2907 1275 2972 quantam
1319 2902 1398 2954 illi
1442 2902 1595 2955 dedit
1626 2900 1878 2955 Christus
1918 2900 2211 2966 Dominus,
2253 2917 2364 2952 non
2403 2898 2460 2951 in
2514 2905 2548 2946 H

178 2986 639 3055 destructionem,
691 2988 788 3041 sed
840 2988 897 3040 in
954 2987 1400 3041 aedificationem
1456 2987 1701 3058 corporis
1742 2986 1975 3052 Christi,
2034 2984 2180 3057 quod
2234 2989 2317 3038 est
2357 2983 2459 3036 Ec·
2521 2979 2524 3023 J

178 3073 360 3126 clesia.
441 3073 551 3127 Sed
603 3079 686 3127 est
739 3074 848 3127 alia
899 3074 1156 3127 limitatio
1209 3074 1457 3143 passiva,
1518 3074 1562 3126 si
1610 3073 1686 3126 ita
1732 3073 1884 3143 loqui
1939 3072 2021 3126 fas
2064 3075 2173 3140 est,
2230 3069 2299 3123 ab
2341 3070 2458 3140 ipso

178 3157 396 3212 Christo
439 3160 619 3230 posita
660 3178 732 3213 ex
772 3165 930 3230 parte
972 3159 1388 3231 Apostolorum.
1446 3158 1698 3212 Christus
1741 3159 1887 3211 enim
1928 3163 1988 3210 ut
2028 3157 2248 3227 sapiens
2282 3154 2459 3208 archi·
2520 3177 2529 3207 :2

177 3250 354 3298 tectus
395 3245 580 3317 posuit
622 3246 854 3299 Petrum
908 3245 1385 3299 fundamentalem
1429 3250 1674 3316 petram,
1726 3262 1895 3316 supra
1937 3261 2100 3313 quam
2141 3241 2461 3295 aedificaret
2528 3230 2548 3309 ζ’

177 3330 504 3385 Ecclesiam.
585 3331 695 3385 Sed
752 3331 871 3403 ipse
924 3331 1074 3384 idem
1129 3331 1379 3385 Christus
1435 3331 1748 3401 designavit
1795 3329 2209 3387 aedificatores,
2261 3326 2459 3398 quibus
2519 3338 2529 3343 -

178 3417 379 3470 Petrus
435 3417 506 3470 ad
563 3417 965 3471 aedificandam
1006 3417 1314 3470 Ecclesiam
1368 3422 1651 3484 uteretur,
1707 3417 1811 3469 hoc
1869 3419 1982 3480 est,
2042 3412 2343 3485 Apostolos
2381 3410 2455 3463 ibi

179 3508 518 3572 praesentes.
585 3502 786 3555 Petrus
828 3504 1159 3555 constitutus
1203 3508 1285 3556 est
1326 3503 1590 3573 magister
1629 3502 1685 3554 in
1727 3499 1971 3554 secundo
2014 3503 2176 3552 textu
2217 3498 2287 3551 ad
2330 3514 2455 3550 con-

178 3588 509 3641 firmandum
552 3588 716 3655 alios3
760 3588 856 3641 sed
899 3588 987 3641 isti
1031 3589 1123 3640 alii
1166 3606 1276 3641 non
1307 3588 1512 3642 debent
1554 3605 1672 3658 esse
1703 3587 1806 3639 nisi
1848 3586 1945 3652 illi,
1990 3602 2125 3656 quos
2152 3584 2270 3654 ipse
2303 3581 2456 3636 Chri-

178 3678 291 3726 stus
334 3674 485 3727 dedit
526 3675 694 3728 Petro
739 3674 937 3727 fratres
978 3674 1034 3725 in
1077 3673 1443 3744 Apostolatu:
1500 3664 1771 3742 Confirmet
1814 3671 2057 3741 fratres,·
2109 3675 2275 3739 atque
2317 3666 2455 3720 adeo

179 3760 398 3814 sibimet
449 3762 505 3813 in
554 3761 754 3815 fratres
806 3760 1083 3831 elegerat:
1146 3760 1288 3813 Vade
1339 3760 1409 3812 (cd
1450 3759 1660 3829 fratres
1710 3757 1903 3812 meos&
1983 3756 2048 3809 In
2090 3754 2254 3808 tertio
2296 3756 2454 3805 textu

317 3931 329 3958 ¹
369 3934 513 3981 Ioan.
552 3935 631 3995 20,
674 3936 747 3982 17.
