2548 4290
184 153 253 205 54
369 154 482 195 Pars
515 153 551 194 Ι.
610 151 765 195 Const.
802 151 856 192 de
888 150 989 192 fide.
1056 150 1168 205 Cap.
1201 150 1260 191 11.
1318 149 1740 192 Commentationes
1773 148 1829 190 de
1861 149 2097 203 aliquibus
2129 149 2261 191 locis.

185 317 348 371 quem
401 300 581 353 tenuit
639 303 694 351 et
744 302 899 350 tenet
954 302 1145 350 sancta
1197 296 1376 349 Mater
1417 296 1699 364 Ecclesia,
1759 296 1915 349 cuius
1968 300 2051 349 est
2103 295 2350 349 iudicare
2394 294 2470 350 de

180 403 313 438 vero
356 402 520 437 sensu
561 388 617 436 et
656 383 1120 453 interpretatione
1161 398 1446 435 sacrarum
1490 380 1922 452 Scripturarum,
1966 380 2269 435 admitt0.‘“
2298 379 2315 413 ¹

331 470 487 530 Quae
539 469 597 521 in
649 469 914 539 negativa
966 468 1349 520 enuntiatione
1392 466 1710 519 Tridentini
1763 466 1831 520 de
1887 467 2137 519 unanimi
2191 483 2465 521 consensu

182 556 413 608 Patrum
456 553 741 620 dicuntur,
796 554 852 605 in
892 553 1131 623 positiva
1175 552 1408 605 Concilii
1450 551 1711 604 Vaticani
1754 552 1953 605 omissa
1994 556 2149 618 sunt3
2203 570 2268 605 ea
2313 552 2470 624 „plu-

180 641 340 708 rium,
381 658 493 693 non
536 640 782 693 omnium
821 639 1052 692 Patrum
1095 638 1488 709 deputatorum
1532 638 1812 691 sententia
1850 638 1940 691 hic
1972 638 2268 709 praeteriri
2308 643 2468 709 pote·-

181 731 332 793 rant,
380 727 509 796 quia
549 726 824 778 unanimis
866 742 1165 778 consensus
1206 724 1439 776 Patrum
1481 728 1535 776 et
1574 723 1862 777 Ecclesiae
1903 742 2096 778 sensus
2139 729 2369 778 eatenus
2408 728 2467 778 in

180 812 329 865 idem
370 811 643 878 recidunt,
688 810 835 881 quod
878 810 1101 880 cognito
1132 809 1384 862 unanimi
1412 809 1643 861 Patrum
1673 826 1944 863 consensu
1981 811 2147 863 etiam
2177 810 2469 864 Ecclesiae

181 914 372 950 sensus
415 897 784 966 cognoscitur.
838 896 1061 949 Etenim
1103 895 1382 948 unanimis
1424 894 1520 947 ille
1565 912 1862 948 consensus
1902 895 2134 948 Patrum
2178 895 2471 950 Ecclesiae-

181 1000 402 1036 sensum
445 987 499 1035 et
539 982 704 1034 fidem
746 986 1000 1047 testatur,
1044 986 1098 1033 et
1139 980 1396 1033 Ecclesia
1436 997 1656 1051 semper
1697 979 1951 1050 professa
1993 987 2091 1048 est,
2133 999 2190 1034 se
2232 981 2462 1034 Patrum

180 1069 429 1138 vestigiis
469 1069 723 1121 insistere
777 1073 831 1120 et
886 1067 1172 1120 doctrinae
1214 1066 1464 1119 unanimi
1517 1066 1847 1119 inhaerere“
1872 1064 1908 1118 ².
1988 1065 2055 1119 In
2096 1067 2205 1120 fine
2248 1067 2464 1138 capitiS,

181 1152 275 1206 ubi
315 1154 435 1223 ipsa
464 1152 777 1205 Tridentini
818 1152 1079 1221 negativa
1121 1152 1397 1205 sententia
1436 1151 1728 1219 retinetur,
1772 1152 1957 1219 etiam,
2002 1170 2144 1222 quae
2187 1153 2243 1204 in
2286 1171 2352 1206 ea
2394 1152 2465 1206 de

181 1240 430 1292 unanimi
473 1257 744 1293 consensu
788 1239 1019 1291 Patrum
1064 1238 1341 1305 dicuntur,
1385 1242 1612 1309 recepta
1653 1242 1798 1291 sunt.

330 1324 534 1378 Sensus
587 1324 641 1377 S.
684 1324 1032 1395 Scripturae,
1088 1342 1251 1394 quem
1303 1329 1458 1376 tenet
1498 1322 1779 1389 Ecclesia,
1834 1341 1934 1393 pro
1987 1342 2120 1377 vero
2173 1323 2470 1378 habendus

182 1415 263 1463 est
301 1411 383 1477 „in
423 1409 574 1463 rebus
612 1410 741 1477 fidei
778 1416 822 1463 et
858 1427 1067 1462 morum
1111 1409 1183 1461 ad
1225 1408 1636 1477 aedificationem
1679 1408 1943 1462 doctrinae
1989 1408 2308 1463 christianae
2344 1427 2470 1480 per-

180 1496 494 1562 tinentium“,
537 1514 679 1566 quae
720 1496 892 1549 verba
933 1496 1244 1550 accuratius
1285 1496 1619 1566 explicanda
1659 1500 1803 1548 sunt.

332 1581 490 1634 Unus
533 1600 604 1634 ex
647 1582 906 1635 Patribus
949 1600 1015 1635 ea
1057 1582 1280 1634 omnino
1323 1580 1443 1634 tolli
1484 1580 1737 1634 volebat:

336 1670 419 1736 „1.
465 1668 607 1729 Quia
649 1668 925 1737 Ecclesia,
977 1668 1094 1721 sine
1136 1668 1252 1721 ulla
1293 1668 1654 1738 exceptione,
1713 1672 1796 1720 est
1835 1666 2145 1720 infallibilis
2186 1668 2472 1740 interpres

182 1753 352 1805 totius
384 1753 607 1806 divinae
648 1753 1023 1820 revelationiS,
1066 1771 1207 1824 quae
1247 1753 1303 1804 in
1334 1752 1633 1823 Scripturis
1673 1770 1736 1805 ac
1765 1752 2090 1805 Traditione
2135 1753 2472 1808 continetur.

181 1837 534 1892 Declarando
565 1843 768 1906 autem,
803 1841 859 1892 in
886 1839 1036 1891 rebus
1065 1838 1203 1907 fidei
1228 1844 1272 1891 et
1298 1856 1505 1890 morum
1534 1837 1840 1891 tenendum
1871 1855 1990 1891 esse
2019 1856 2259 1906 sensum,
2303 1856 2470 1910 quem

181 1925 361 1977 tenuit
401 1942 464 1977 ac
493 1929 645 1978 tenet
674 1925 944 1991 Ecclesia,
988 1925 1178 1977 divina
1207 1925 1299 1976 illa
1328 1924 1736 1995 interpretandi
1764 1924 2156 1995 praerogativa
2185 1925 2254 1977 ad
2283 1925 2477 1978 huius-

181 2009 330 2062 modi
359 2010 618 2063 materias
647 2015 860 2063 tantum
894 2011 1163 2064 coarctari
1203 2010 1441 2077 videtur,
1474 2011 1629 2080 quasi
1658 2011 1715 2063 in
1745 2010 1980 2063 caeteris
2009 2010 2236 2064 minime
2267 2011 2478 2066 valeat.

335 2095 487 2163 „Nec
531 2096 731 2164 obstat,
775 2096 923 2167 quod
964 2096 1138 2149 verba
1179 2096 1275 2148 illa
1316 2114 1426 2148 non
1469 2096 1577 2148 sint
1606 2096 1921 2162 exclusiva,
1966 2095 2068 2148 etsi
2111 2096 2256 2148 enim
2300 2096 2479 2168 speci-

182 2181 402 2235 ficativa
455 2186 670 2234 tantum
714 2187 924 2250 essent,
980 2182 1214 2234 aliarum
1268 2198 1454 2235 rerum
1506 2181 1890 2234 exclusionem
1943 2180 2047 2233 nisi
2090 2188 2282 2251 aperte
2330 2181 2477 2234 indi-

183 2271 391 2333 carent,
435 2267 490 2319 in
534 2267 765 2320 dubium
806 2267 1002 2320 saltem
1046 2271 1328 2320 revocant.

336 2351 531 2418 „Quod
559 2354 603 2404 si
632 2357 916 2421 urgeatur,
960 2353 1159 2419 omnia,
1201 2369 1341 2422 quae
1372 2354 1427 2403 in
1459 2350 1759 2422 Scripturis
1788 2350 2161 2419 continentur,
2203 2351 2273 2404 ad
2304 2352 2472 2406 fidem

182 2437 271 2490 vel
325 2455 504 2491 mores
557 2438 781 2505 referri,
839 2439 948 2492 iam
1001 2443 1056 2491 et
1111 2439 1214 2490 hoc
1267 2438 1450 2509 ipsum
1502 2455 1721 2490 omnem
1775 2437 2244 2507 specificationem
2284 2456 2468 2491 rerum

178 2522 309 2590 fidei
346 2528 390 2575 et
428 2541 635 2576 morum
677 2524 1012 2594 superfluam
1054 2540 1116 2576 ac
1157 2541 1356 2575 vanam
1399 2523 1621 2575 omnino
1665 2539 1784 2575 esse
1826 2522 2190 2576 confirmabit.

337 2611 418 2674 „2
464 2609 606 2671 Quia
645 2610 688 2662 si
740 2611 796 2661 in
836 2610 990 2663 rebus
1030 2609 1166 2679 fidei
1215 2614 1259 2661 et
1297 2626 1507 2661 morum
1559 2614 1774 2661 tantum
1817 2608 2105 2678 Scriptura
2156 2608 2333 2679 accipi
2375 2609 2469 2663 de-

185 2694 343 2748 beret
383 2694 541 2747 iuxta
582 2712 708 2747 eum
751 2713 1000 2762 sensum,
1055 2713 1219 2765 quem
1260 2695 1439 2747 tenuit
1479 2712 1542 2746 ac
1585 2700 1740 2747 tenet
1780 2694 2060 2762 Ecclesia,
2122 2694 2177 2747 in
2219 2695 2473 2767 reliquiS,

184 2784 322 2848 puta
364 2778 639 2832 historicis
681 2780 944 2851 aliisque,
998 2780 1177 2833 libera
1219 2780 1417 2850 cuique
1460 2779 1685 2833 daretur
1737 2798 1871 2833 ansa
1911 2780 2317 2833 sanctissimum
2360 2780 2472 2834 Dei

184 2864 415 2918 verbum
469 2883 569 2936 pro
625 2865 821 2919 effreni
873 2866 1054 2918 lubitu
1098 2865 1447 2936 explicandi3
1501 2865 1605 2918 hac
1648 2866 1977 2935 praesertim
2018 2871 2370 2936 tempestate,
2411 2866 2469 2919 in

185 2967 293 3020 qua
333 2951 592 3021 mythici,
647 2951 1056 3018 rationalistae,
1116 2952 1479 3021 sexcentique
1523 2968 1748 3003 errones
1790 2956 1962 3004 totam
2003 2950 2179 3004 ferme
2223 2951 2472 3022 Scriptu-

185 3052 302 3087 ram
342 3034 411 3086 ad
451 3034 667 3088 fabulas
711 3036 1028 3089 amandant.

338 3120 627 3187 „Fortasse
679 3121 799 3191 quis
839 3121 1093 3189 instabit,
1144 3120 1427 3174 Ecclesiae
1482 3121 1938 3174 infallibilitatem
1992 3120 2062 3173 ad
2114 3138 2202 3174 res
2243 3120 2374 3174 fidei
2416 3127 2473 3175 et

186 3221 400 3256 morum
452 3206 739 3275 restringi3
791 3206 848 3257 in
889 3206 972 3258 his
1015 3223 1147 3276 ergo
1190 3210 1404 3258 tantum
1449 3204 1594 3275 [nos]
1650 3205 1897 3259 eiusdem
1948 3206 2471 3275 interpretationem

186 3290 342 3359 sequi
385 3289 607 3357 debere,
649 3291 705 3342 in
748 3291 982 3344 caeteris
1009 3309 1141 3344 vero
1171 3290 1376 3344 liberos
1418 3309 1555 3344 esse.
1610 3292 1687 3344 At
1729 3297 1952 3344 contra:
1994 3292 2261 3344 revelatio
2293 3293 2476 3345 omnis.

187 3373 464 3426 obiectum
491 3374 620 3427 fidei
648 3381 747 3442 est,
791 3376 996 3446 quippe
1028 3393 1168 3446 quae
1199 3378 1447 3429 continet
1475 3376 1707 3429 verbum
1734 3376 1859 3440 Dei,
1896 3376 1983 3428 cui
2014 3377 2271 3429 assentiri
2301 3376 2470 3430 debe-

187 3477 335 3525 mus;
378 3476 440 3511 ac
469 3460 703 3530 proinde
730 3466 862 3527 tota,
895 3467 1103 3531 quanta
1131 3466 1229 3527 est,
1257 3461 1544 3514 Ecclesiae
1575 3463 1763 3514 subest
1790 3460 2022 3514 iudicio:
2061 3479 2125 3514 eo
2155 3463 2244 3515 vel
2274 3462 2471 3533 magiS,

188 3545 335 3614 quod
366 3544 442 3597 ait
467 3544 801 3615 Apostolus:
836 3545 1019 3598 Omnis
1045 3546 1323 3615 Scriptura-
1359 3547 1609 3599 divinitus
1635 3547 1897 3616 inspirata
1925 3547 2067 3599 utilis
2098 3553 2168 3599 est
2195 3548 2267 3599 ad
2293 3547 2475 3600 docen-

186 3629 331 3697 dum,
371 3629 442 3681 ad
481 3630 829 3700 affluendum,
869 3631 940 3683 ad
979 3631 1385 3701 corripiendum,
1425 3632 1497 3684 ad
1535 3631 1883 3685 erudiendum
1926 3634 1982 3684 in
2022 3634 2223 3684 iustitia
2263 3638 2351 3686 etc,

341 3717 423 3782 „3.
469 3716 611 3776 Quia
652 3717 825 3769 verba
863 3717 960 3769 illa
1001 3718 1305 3787 aequivoce
1347 3724 1599 3770 mutuata
1640 3717 1797 3770 fuere
1840 3735 1871 3769 a
1914 3716 2263 3771 Tridentino.
2342 3717 2470 3771 Hoc

190 3800 337 3852 enim
379 3800 688 3854 Concilium
744 3820 854 3855 non
910 3802 1164 3855 adhibuit
1217 3821 1313 3870 ea,
1374 3803 1593 3873 quando
1648 3803 1895 3856 locutum
1947 3809 2030 3856 est
2082 3804 2149 3857 de
2191 3809 2473 3875 potestate

341 3976 355 4003 ¹
393 3977 544 4025 Ratio
585 3981 681 4025 etc.
755 3976 810 4026 O.
849 3977 910 4026 V.
949 3980 1012 4026 80
1028 3995 1071 4027 a.
1110 3979 1158 4027 b.
1341 3979 1357 4006 ²
1396 3980 1527 4029 Ibid.
