2548 4290
206 173 292 204 VIII
571 165 572 168 ’
1240 152 1400 194 Index.

980 345 1219 414 PARS
1276 343 1685 413 ALTERA.

498 485 1199 559 CONSTITUTIONIS
1248 483 1795 557 DOGMATIOAE
1842 484 2169 557 PRIMAE

564 591 673 663 DE
722 590 1127 663 EGGLESIA
1175 588 1515 662 CHRISTI
1562 588 2089 662 EXPLICATIO.

1021 847 1278 902 CAPUT
1321 848 1654 902 PRIMUM.

198 970 429 1017 Historia
462 970 671 1032 originis
697 968 1098 1016 Constitutionis
1126 968 1321 1031 primae
1349 968 1410 1015 de
1436 968 1672 1016 Ecclesia
1710 973 1761 1016 et
1799 969 2088 1016 conciliaris
2127 969 2237 1017 eius

379 1047 814 1110 comprobationis
871 1087 878 1094 .

985 1185 1240 1240 CAPUT
1282 1185 1676 1242 ALTERUM.

197 1307 504 1370 Aliquorum
558 1307 791 1355 locorum
843 1306 1243 1354 Constitutionis
1298 1307 1493 1368 primae
1544 1307 1605 1355 (16
1644 1308 1879 1355 Ecclesia
1928 1306 2137 1355 uberior
2186 1322 2272 1354 ex-

373 1388 600 1449 plicatio.

265 1466 754 1515 Commentatio
793 1468 832 1515 Ι.
905 1467 1040 1514 Num
1091 1467 1329 1515 Christus
1376 1470 1517 1514 recte
1567 1467 1770 1514 dicatur
1824 1467 1875 1513 in
1923 1466 2080 1513 Petro
2126 1465 2270 1513 insti-

374 1544 535 1592 tuisse
573 1546 788 1593 unitatis
825 1545 1133 1608 principium
1174 1562 1233 1592 ac
1274 1545 1475 1592 visibile
1512 1545 1908 1593 fundamentum

264 1623 409 1671 Gom
426 1624 748 1671 mentatio
787 1624 857 1671 Π.
928 1624 1005 1671 Ι)6
1043 1624 1278 1672 Primatu
1327 1623 1422 1671 soli
1459 1623 1616 1671 Petro
1657 1623 1846 1671 collato
1895 1639 1954 1670 ac
1992 1623 2054 1670 de
2091 1622 2233 1670 Petri

374 1701 437 1748 ad
476 1704 674 1749 ceteros
712 1701 991 1764 Apostolos
1029 1702 1230 1749 ratione
1319 1739 1327 1748 .

264 1779 750 1827 Commentatio
790 1781 889 1828 [IL
959 1780 1096 1828 Num
1136 1781 1185 1827 vi
1223 1780 1625 1828 Constitutionis
1667 1780 1863 1843 primae
1901 1740 1963 1828 de
2001 1779 2235 1827 Ecclesia

374 1859 651 1905 tenendum
692 1859 772 1919 sit,
800 1858 1086 1906 Primatum
1113 1859 1164 1905 in
1196 1862 1359 1907 totam
1386 1858 1669 1907 Ecclesiam
1711 1875 1826 1906 cum
1855 1859 1976 1907 sede
2002 1859 2234 1906 Romana

371 1936 485 1983 iure
523 1936 692 1983 divino
730 1940 888 1999 atque
926 1937 1320 1985 immutabiliter
1358 1953 1648 1985 connexum
1687 1953 1800 1985 esse

263 2015 558 2062 Oommen
578 2015 743 2062 tatio
782 2015 872 2062 IV.
923 2013 1141 2062 Concilii
1169 2014 1457 2063 Florentini
1493 2016 1553 2064 (16
1579 2016 1629 2063 vi
1657 2031 1716 2064 ac
1743 2016 1945 2064 ratione
1972 2016 2232 2063 Primatus

372 2092 597 2139 definitio
643 2092 692 2139 in
743 2094 951 2141 tertium
1002 2097 1158 2155 caput
1206 2094 1609 2142 Constitutionis
1655 2094 1852 2156 primae
1901 2095 1962 2141 de
2001 2093 2234 2141 Ecclesia

370 2174 579 2231 recepti

262 2249 298 2296 O
317 2251 746 2297 ommentatio
786 2251 847 2298 V.
899 2251 1011 2306 Ouo
1046 2253 1158 2298 iu1e
1186 2254 1236 2299 et
1264 2267 1365 2314 quo
1393 2267 1547 2300 sensu
1576 2252 1771 2299 Summi
1797 2212 2062 2300 Pontificis
2089 2255 2232 2315 pote-

372 2331 477 2375 stas
517 2329 718 2375 dicatur
756 2329 1062 2392 episcopalis

262 2406 746 2454 Commentatio
784 2407 877 2453 VI.
949 2407 1026 2454 De
1064 2408 1224 2455 inciso
1263 2409 1475 2455 canonis
1514 2409 1696 2471 capitis
1736 2410 1901 2457 tertii:
1955 2413 2074 2470 „aut
2113 2425 2231 2457 eum

371 2482 603 2545 [Papam]
631 2485 823 2532 habere
861 2488 1063 2533 tantum
1089 2486 1319 2547 potiores
1350 2490 1540 2548 partes,
1579 2503 1684 2534 non
1721 2503 1844 2536 vero
1884 2491 2046 2535 totam
2074 2487 2234 2549 pleni-

372 2562 601 2609 tudinem
638 2563 792 2610 huius
831 2579 1103 2625 supremae
1143 2562 1448 2625 potcstatis“

262 2641 298 2688 C
318 2642 742 2689 ommentatio
769 2642 890 2691 VII.
939 2644 1018 2690 De
1046 2644 1212 2692 tribus
1242 2645 1692 2693 oecumenicorum
1712 2645 2064 2694 Conciliorum
2092 2645 2233 2692 testi·

370 2719 579 2780 moniis,
634 2736 765 2782 quae
804 2721 1090 2769 definitioni
1127 2723 1515 2771 infallibilitatis
1554 2724 1747 2771 Summi
1783 2723 2051 2772 Pontificis
2088 2739 2235 2787 prae-

368 2798 647 2845 mittunſtrtui
713 2838 722 2847 .

261 2875 297 2921 U
313 2892 339 2923 o
359 2877 743 2924 nimentatio
772 2878 920 2925 Vlll.
963 2879 1182 2927 Romani
1201 2841 1467 2928 Pontificis
1494 2840 1837 2929 infal·libilit·as
1863 2897 1986 2929 num
2015 2881 2231 2929 dicenda

371 2953 435 3000 sit
471 2954 551 3001 vel
590 2970 688 3016 quo
739 2972 855 3003 sens
863 2973 893 3003 u
932 2957 1030 3003 dici
1078 2958 1240 3018 possit
1288 2959 1604 3020 personalis,
1656 2964 1922 3021 separata,
1972 2959 2230 3020 absoluta,

372 3033 480 3078 eius
518 3031 676 3079 solius
714 3035 920 3095 propria
1013 3074 1022 3081 .
1617 3077 1625 3085 .
1768 3077 1778 3086 .

261 3108 740 3158 Commentatio
785 3113 870 3159 IX.
924 3114 1056 3168 Ouid
1097 3131 1126 3161 a
1153 3074 1382 3163 Concilio
1409 3116 1664 3164 Vaticano
1703 3117 1764 3164 de
1802 3117 2006 3165 obiecto
2045 3116 2232 3163 infalli-

370 3186 583 3234 bilitatis
620 3189 912 3250 pontificiae
951 3192 1203 3239 doceatur

989 3314 1245 3372 CAPUT
1287 3318 1663 3374 TERTIUM.

193 3424 312 3485 [psa
339 3423 653 3472 Constitutio
694 3427 985 3488 dogmatica
1023 3430 1188 3491 prima
1227 3431 1287 3478 de
1314 3431 1546 3480 Ecclesia
1573 3432 1768 3480 Christi
1805 3432 2230 3481 adnotationibus

369 3504 614 3551 subiectis
653 3505 911 3567 explicata

199 3598 401 3646 Index
448 3615 883 3660 personarum
934 3621 1003 3651 ac
1052 3621 1266 3651 rerum
1318 3645 1327 3654 .

1210 3766 1428 3812 Erratum.

367 3854 416 3893 P.
454 3855 523 3894 52.
558 3855 589 3895 1.
627 3857 693 3896 14.
732 3854 895 3909 (infra)
935 3858 1036 3899 loeo
1075 3859 1297 3912 inspirati
1330 3862 1428 3914 lege
1461 3862 1680 3903 canonici.

1204 3983 1271 3985 i
1291 3977 1340 3995 ἣ
1352 3984 1491 3987 must„

2380 1047 2463 1092 1οἓ

2379 1543 2469 1588 125

2377 1700 2466 1746 129

2375 1937 2465 1982 137

2374 2172 2466 2218 150

2374 2330 2464 2377 154

2374 2568 2464 2613 157

2375 2803 2465 2849 165

2374 3038 2463 3084 175

2369 3196 2461 3242 190

2365 3512 2462 3558 210

2365 3609 2459 3655 235
