2548 4290
1029 168 1142 209 Eius
1176 170 1470 221 prooemium.
2250 172 2355 223 213

127 316 303 382 <gunt3
356 310 469 363 Nos
508 310 585 362 ad·
617 310 867 363 catholici
906 313 1088 381 gregis
1128 305 1454 380 custodiam,
1496 313 1939 380 incolumitatem,
1981 318 2352 382 augmentum,

140 394 503 448 necessarium
543 410 659 446 esse
698 394 1015 461 iudicamUS,
1056 412 1206 447 sacro
1248 396 1626 465 approbante1
1655 396 1915 463 Concilio,
1957 398 2258 450 doctrinam
2286 397 2352 449 de

135 605 393 664 adiuncta,
426 620 553 666 quae
577 619 887 666 magnopere
921 606 1194 667 adaugent,
1234 611 1284 654 et
1309 607 1457 654 simul
1481 609 1698 670 probant
1723 609 1994 657 adauctum
2031 626 2156 671 esse,
2183 611 2354 659 odium

133 681 407 729 adversum
444 680 702 728 Summum
727 680 1025 729 Pontificem
1061 686 1111 729 et
1135 683 1432 744 Ecclesiam,
1470 685 1717 745 quaedam
1754 686 2029 746 peculiaria
2063 702 2235 734 rerum
2271 686 2357 733 ad-

135 758 340 816 iuncta,
392 771 521 818 quae
558 757 790 804 omnibus
841 758 988 805 obvia
1038 763 1171 805 sunt.
1240 759 1302 805 In
1351 759 1460 820 ipso
1511 760 1622 806 sinu
1659 760 1915 808 Ecclesiae
1967 765 2084 809 sunt
2118 762 2353 810 liberales

133 831 399 890 catholici,
449 832 534 894 qui
579 847 758 879 revera
794 837 913 880 sunt
948 833 1210 881 calamitas
1247 839 1451 882 sanctae
1487 836 1746 896 religionis
1781 840 2012 896 nostrae,
2065 852 2228 898 neque
2264 853 2356 884 nu-

135 923 277 956 mero
313 924 478 969 neque
502 909 809 956 auctoritate
835 912 1081 970 carentes,
1117 925 1282 971 neque
1307 911 1441 957 intra
1475 912 1605 957 hanc
1634 912 1715 958 vel
1739 911 1877 959 illam
1902 913 2161 973 regionem
2185 916 2353 960 terrae

132 984 531 1045 circumscripti,
569 987 620 1031 et
654 984 706 1030 hi
740 983 976 1031 liberales
1014 985 1249 1032 catholici
1285 987 1630 1048 opprimerent
1653 986 1949 1034 Pontificem
1985 992 2034 1035 et
2059 988 2353 1048 Ecclesiam,

132 1060 181 1107 si
214 1064 424 1121 possent
460 1064 510 1108 et
545 1059 595 1106 in
634 1063 881 1120 quantum
916 1065 1153 1120 possent,
1200 1062 1464 1122 negando,
1518 1063 1825 1109 coarctando
1861 1063 1974 1110 iura
2009 1062 2268 1110 Pontificis
2304 1067 2355 1110 et

134 1136 249 1183 iura
283 1136 559 1183 Ecclesiae.
605 1135 683 1181 En
717 1150 905 1182 novum
943 1135 1113 1182 odium
1149 1137 1392 1184 adversus
1429 1137 1726 1185 Pontificem
1762 1143 1811 1185 et
1837 1139 2131 1199 Ecclesiam,
2168 1154 2353 1185 novum

133 1211 306 1258 odium
345 1212 510 1259 adhuc
545 1212 596 1258 in
632 1211 860 1258 Ecclesia
895 1212 1196 1260 inauditum.
1247 1213 1581 1275 Temporibus
1619 1215 1866 1261 anteactis
1902 1230 2048 1275 reges
2085 1219 2228 1262 erant
2265 1231 2357 1261 nu-

135 1288 268 1335 tricii
293 1287 550 1334 Ecclesiae
587 1291 637 1334 et
660 1288 868 1348 reginae
903 1287 1157 1348 nutrices,
1195 1289 1370 1336 diebus
1396 1304 1515 1335 vero
1541 1290 1728 1336 nostris
1764 1290 1873 1337 fere
1910 1291 2078 1337 omnia
2108 1291 2356 1351 gubernia

122 1364 286 1412 etiam
324 1364 573 1411 catholica
607 1364 845 1425 antiquas
882 1364 1068 1411 amicas
1105 1365 1378 1412 relationes
1416 1381 1529 1412 cum
1559 1365 1746 1413 Sancta
1782 1365 1910 1413 Sede
1945 1367 2354 1428 interruperunt3

130 1455 199 1488 en
233 1455 422 1487 novum
469 1439 655 1486 odium.
724 1439 816 1485 His
866 1439 1043 1486 diebus
1088 1441 1278 1487 nostris
1326 1445 1592 1501 praeterea
1629 1457 1716 1503 per
1763 1446 1926 1489 totum
1967 1443 2139 1489 orbem
2174 1442 2355 1488 millies

130 1520 186 1564 et
222 1516 403 1564 millies
439 1520 590 1563 aucta
626 1520 702 1563 est
737 1519 981 1577 potestas,
1021 1531 1171 1576 quam
1199 1517 1562 1577 ephemerides,
1600 1534 1750 1579 quam
1782 1518 2064 1578 irreligiosa
2086 1518 2357 1565 literatura

136 1596 376 1640 exercent
412 1608 563 1653 super
598 1595 794 1639 mentes
831 1592 1110 1639 millionum
1136 1592 1410 1652 hominum,
1448 1596 1498 1640 et
1526 1594 1637 1654 quis
1662 1594 1839 1652 nescit,
1877 1595 1966 1641 has
1994 1593 2352 1655 ephemerides,

127 1668 266 1715 'hanc
304 1668 638 1728 irreligiosam
675 1668 994 1715 literaturam
1032 1683 1282 1714 venenum
1319 1668 1583 1729 foetidum,
1622 1670 1922 1731 principium
1947 1668 2355 1730 irreligiositatis,

131 1744 476 1805 infidelitatis,
526 1760 708 1807 spuere
743 1745 794 1790 in
831 1746 984 1805 caput
1020 1743 1279 1791 Ecclesiae
1315 1749 1366 1791 et
1401 1745 1451 1791 in
1488 1746 1647 1806 ipsam
1685 1746 2001 1793 Ecclesiam?
2070 1746 2148 1791 En
2185 1745 2352 1791 odium

134 1821 235 1868 iam
273 1824 425 1868 antea
461 1825 599 1868 certe
638 1821 959 1882 aliquatenus
998 1820 1273 1880 exsistens,
1327 1821 1413 1868 sed
1448 1837 1583 1868 nunc
1617 1822 1796 1869 millies
1834 1826 1884 1869 et
1918 1822 2098 1868 millies
2134 1824 2355 1867 auctum.

286 1899 407 1960 „Est
444 1903 493 1946 et
528 1899 653 1946 illud
690 1914 927 1960 magnum
962 1898 1337 1946 schismaticum
1375 1900 1642 1960 imperium
1667 1900 1950 1960 Russicum,
1989 1900 2123 1961 quod
2158 1903 2235 1946 tot
2270 1914 2356 1959 po-

139 1976 284 2031 pulos
322 1976 474 2022 etiam
523 1976 801 2023 catholicos
837 1975 1075 2035 giganteo
1124 1974 1250 2035 pede
1287 1976 1528 2036 conterit,
1580 1980 1629 2022 et
1675 1976 1906 2023 umbram
1942 1991 2084 2022 suam
2118 1974 2354 2035 frigidam

134 2053 286 2114 longe
323 2052 459 2098 ultra
494 2051 617 2098 fines
653 2051 883 2113 proprios
929 2050 1213 2110 protendit,
1266 2055 1316 2097 et
1362 2052 1413 2097 in
1450 2052 1555 2099 dies
1606 2053 1742 2099 ultra
1788 2052 2091 2112 protendere
2128 2055 2354 2098 conatur.

131 2128 321 2176 Omnes
351 2133 554 2187 norunt,
591 2128 686 2174 hoc
722 2142 960 2187 magnum
998 2126 1375 2174 schismaticum
1399 2128 1663 2189 imperium
1690 2132 1740 2175 et
1775 2128 1900 2174 illud
1936 2143 2046 2174 esse
2080 2127 2356 2174 infensissi-

136 2220 272 2252 mum
309 2204 553 2251 adversus
589 2203 885 2250 Pontificem
922 2207 973 2249 et
1008 2202 1286 2249 Ecclesiam
1334 2204 1650 2251 catholicam.
1719 2204 1783 2251 Et
1830 2205 1950 2265 quid
1986 2204 2147 2250 dicam
2185 2204 2245 2249 de
2283 2218 2357 2250 se-

131 2282 286 2329 cretis
325 2280 677 2340 societatibus,
720 2294 849 2340 quae
886 2278 1123 2339 quoniam
1159 2279 1288 2326 bene
1325 2284 1595 2340 noverunt,
1635 2295 1692 2327 eo
1734 2280 1880 2327 citius
1919 2289 1968 2326 et
2016 2280 2203 2326 certius
2241 2280 2356 2326 sub-

132 2357 264 2405 verti
298 2370 447 2417 posse
482 2356 808 2417 religionem,
859 2355 900 2400 si
937 2355 1323 2401 subverteretur
1359 2355 1546 2403 Sancta
1582 2355 1767 2415 Sedes,
1810 2356 1922 2402 ideo
1960 2355 2171 2402 collatas
2208 2354 2357 2413 vires,

132 2436 333 2481 secreta
369 2432 594 2491 consilia,
632 2435 836 2493 apertos
873 2433 1086 2477 conatus
1121 2445 1211 2491 per
1248 2435 1411 2478 totum
1449 2432 1623 2480 orbem
1649 2432 1874 2493 dirigunt
1910 2432 2152 2478 adversus
2183 2431 2356 2478 Ponti-

130 2509 273 2557 ficem
311 2513 361 2556 et
398 2510 642 2556 adversus
678 2507 997 2556 Ecclesiam?
1057 2506 1134 2552 En
1172 2508 1370 2568 odium,
1409 2509 1543 2569 quod
1582 2509 1622 2554 si
1658 2523 1759 2555 non
1798 2512 1874 2554 est
1911 2508 2110 2554 omnino
2148 2522 2351 2566 novum,

130 2588 212 2632 est
248 2589 419 2632 tamen
454 2599 760 2645 magnopere
796 2584 1084 2631 adauctum.

284 2663 543 2724 „Denique
578 2662 829 2710 revolutio
868 2662 1067 2710 extollit
1102 2667 1283 2724 caput,
1336 2663 1584 2711 revolutio
1622 2662 1769 2723 erigit
1806 2678 1898 2708 sua
1934 2662 2077 2722 signa
2112 2662 2354 2709 adversus

130 2753 281 2786 omne
316 2739 636 2799 gubernium,
675 2738 919 2785 adversus
957 2753 1154 2786 omnem
1192 2742 1514 2799 potestatem,
1553 2739 1797 2785 adversus
1834 2738 2001 2784 omnia
2036 2738 2148 2784 iura
2184 2738 2353 2785 divina

129 2819 185 2862 et
220 2815 458 2862 humana.
527 2814 592 2861 Et
641 2814 752 2875 quis
801 2817 878 2860 est
924 2829 1138 2874 magnus
1174 2815 1335 2861 hostis
1380 2814 1529 2861 istius
1575 2814 1933 2872 revolutionis,
1979 2814 2091 2873 quis
2132 2817 2208 2860 est
2245 2814 2352 2860 eius

132 2905 346 2952 magnus
382 2891 577 2937 hostis?
630 2889 862 2937 Summus
895 2889 1160 2949 Pontifex,
1211 2890 1297 2951 qui
1335 2890 1471 2937 solus
1518 2890 1598 2937 vel
1644 2890 1751 2936 sere
1798 2890 1935 2936 solus
1987 2890 2129 2936 stetit
2165 2893 2215 2936 et
2252 2893 2352 2937 stat

130 2971 210 3026 et,
259 2967 368 3013 Deo
406 2966 706 3024 adiuvante,
745 2965 900 3011 stabit
935 2964 1108 3012 firmus
1144 2981 1236 3027 pro
1273 2966 1531 3027 principiis
1564 2969 1802 3013 aeternae
1837 2965 2063 3012 iustitiae
2110 2965 2353 3012 adversus

132 3043 263 3090 hanc
312 3043 657 3103 impiissimam
704 3041 998 3088 modernam
1044 3042 1442 3089 revolutionem:
1497 3047 1546 3089 et
1592 3042 1733 3101 ideo,
1781 3042 1893 3088 ideo
1941 3042 2067 3088 haec
2101 3042 2351 3089 revolutio

130 3118 242 3165 odit
276 3118 571 3165 Pontificem
619 3117 733 3164 odio
783 3132 1002 3176 summo,
1052 3117 1165 3164 odio
1202 3118 1561 3165 intensissimo.
1631 3118 1796 3178 Igitur
1843 3118 2045 3164 omnino
2082 3119 2288 3166 aberrat
2323 3133 2353 3164 a

132 3194 349 3241 veritate
384 3194 627 3241 historica
671 3193 778 3254 ipse
815 3195 953 3240 rfflus
1002 3196 1181 3240 auctor
1226 3193 1439 3240 huiusce
1486 3193 1881 3252 emendationis,
1931 3194 2133 3253 quando
2180 3196 2351 3254 negat,

133 3271 465 3318 assertionem
514 3270 564 3316 in
602 3270 856 3316 schemate
892 3273 1066 3316 nostro
1106 3284 1215 3316 esse
1249 3269 1489 3316 historice
1525 3273 1575 3316 et
1609 3269 1876 3316 literaliter
1911 3285 2112 3330 veram,
2161 3270 2353 3317 scilicet

133 3347 271 3407 quod
310 3345 480 3393 odium
516 3346 762 3393 adversus
788 3344 1069 3391 Ecclesiam
1107 3348 1157 3391 et
1193 3344 1582 3392 fundamentum
1607 3345 1867 3392 Ecclesiae
1903 3345 1967 3391 sit
1991 3346 2041 3392 in
2077 3345 2216 3392 hisce
2253 3345 2357 3393 die·

135 3422 231 3469 bus
266 3421 453 3469 nostris
489 3436 795 3482 magnopere
832 3421 1133 3480 adauctum,
1174 3424 1225 3467 et
1262 3421 1398 3480 quod
1433 3421 1485 3466 in
1521 3420 1627 3467 dies
1665 3420 1816 3467 etiam
1853 3424 2118 3481 augeatur.
2187 3421 2353 3482 Igitur

133 3497 261 3544 haec
298 3496 583 3544 emendatio
619 3512 721 3544 non
757 3496 925 3557 potuit
960 3492 1260 3556 acceptari.“

286 3582 300 3609 ¹
336 3583 412 3629 De
449 3598 509 3630 ea
543 3583 762 3630 formula
796 3582 922 3629 nihil
957 3583 1008 3629 in
1045 3582 1358 3630 discussione
1394 3583 1601 3643 speciali
1651 3583 2167 3630 animadvertebatur.
2237 3581 2349 3641 Sed,

135 3674 292 3720 quum
330 3660 390 3706 de
438 3663 547 3707 tota
582 3658 960 3706 Constitutione
1007 3659 1058 3704 in
1095 3658 1503 3720 Congregatione
1548 3658 1776 3720 generali
1820 3658 2128 3719 octogesima
2174 3657 2353 3718 quinta

135 3734 383 3795 suffragia
417 3735 690 3794 ferrentur,
728 3750 859 3782 unus
897 3750 923 3782 e
947 3735 1186 3782 Patribus
1223 3734 1467 3795 suffragio
1497 3732 1728 3795 „Placet“
1768 3734 2108 3781 conditionem
2142 3733 2351 3794 addidit,

137 3811 195 3855 ut
228 3824 327 3856 vox
363 3813 664 3857 mutaretur.
734 3809 929 3870 Scripto
966 3811 1056 3857 has
1092 3810 1265 3857 attulit
1299 3811 1552 3858 rationes:
1603 3809 1772 3870 „Sicut
1807 3809 1932 3856 alias
1968 3810 2075 3870 ipse
2111 3809 2352 3857 Pontifex

136 3883 378 3945 indulsit,
424 3889 481 3932 ut
527 3886 579 3933 in
623 3886 880 3947 prooemio
928 3887 1117 3947 primae
1165 3885 1555 3934 Constitutionis
1605 3885 1676 3932 De
1710 3886 1816 3945 fide
1861 3885 2095 3932 catholica
2146 3885 2352 3933 adhibe-
