2548 4290
182 177 286 230 232
369 179 483 220 Pars
516 177 574 218 II.
625 176 781 219 Const.
816 176 870 217 de
902 176 1026 217 Eccl.
1093 175 1206 231 Cap.
1238 175 1321 216 ΙΙΙ.
1371 175 1479 230 Ipsa
1514 175 1708 218 Constit.
1742 188 1845 218 cum
1877 176 2268 221 adnotationibus.

181 343 369 378 omnes
410 330 592 377 terrae
634 324 869 395 populos
923 331 1354 395 propagaretur,
1412 325 1642 395 parique
1685 342 1817 378 cura
1858 324 2187 394 vigilarunt,
2228 333 2315 392 ut,
2357 326 2452 380 ubi

178 416 406 481 recepta
447 414 621 478 esset,
679 410 895 463 sincera
946 416 1001 463 et
1054 429 1194 481 pura
1246 416 1686 463 conservaretur.
1766 410 2038 472 Quocirca
2087 412 2253 464 totius
2306 411 2451 465 orbis

180 496 474 549 Antistites
514 512 661 548 nunc
703 495 925 566 singuli,
976 514 1124 548 nunc
1164 496 1220 548 in
1264 495 1502 567 Synodis
1545 498 1886 567 congregati,
1927 496 2152 566 longam
2195 496 2451 550 ecclesia-

178 600 299 634 rum
342 581 799 634 consuetudinem
855 586 910 635 et
950 582 1213 652 antiquae
1265 582 1494 652 regulae
1538 581 1771 635 formam
1812 588 2139 653 sequentes,
2190 600 2255 635 ea
2293 601 2452 654 prae—

179 667 368 719 sertim
410 666 691 737 pericula,
749 685 891 737 quae
932 667 989 719 in
1031 667 1268 736 negotiis
1310 666 1440 719 fidei
1491 667 1886 736 emergebant,
1944 668 2013 720 ad
2067 668 2207 720 hanc
2248 667 2452 721 Sedem

178 752 561 823 Apostolicam
603 753 943 819 retulerunt,
1001 758 1062 804 ut
1102 753 1179 805 ibi
1221 753 1566 823 potissimum
1607 753 2007 806 resarcirentur
2064 753 2264 807 damna
2304 753 2452 813 fidei.

177 838 272 891 ubi
324 837 461 891 fides
514 856 623 891 non
676 843 856 908 potest
909 838 1113 891 sentire
1169 837 1450 891 defectum
1470 840 1537 905 a),
1617 838 1858 891 Romani
1908 844 2095 892 autem
2136 839 2447 893 Pontifices.

179 930 343 995 prout
383 930 696 995 temporum
753 931 808 977 et
861 942 1042 978 rerum
1097 924 1341 978 conditio
1383 925 1685 992 suadebat,
1738 942 1885 977 nunc
1925 927 2241 994 convocatis
2293 944 2449 980 oecu-

178 1011 407 1064 menicis
458 1009 719 1063 Conciliis
772 1016 867 1063 aut
920 1011 1212 1081 explorata
1261 1010 1547 1063 Ecclesiae
1599 1029 1699 1082 per
1751 1011 1941 1064 orbem
1995 1011 2274 1083 dispersae
2331 1030 2450 1066 sen-

177 1098 368 1163 tentia,
410 1114 556 1149 nunc
599 1115 699 1167 per
741 1096 994 1168 Synodos
1035 1097 1427 1166 particulareS,
1471 1115 1617 1150 nunc
1660 1097 1798 1164 aliis,
1843 1114 1984 1168 quae
2027 1097 2213 1151 divina
2253 1116 2452 1170 suppe-

178 1182 391 1235 ditabat
433 1182 816 1253 providentia,
875 1182 1134 1235 adhibitis
1176 1182 1428 1249 auxiliiS,
1481 1200 1547 1235 ea
1588 1182 1831 1236 tenenda
1872 1183 2268 1250 definiverunt,
2311 1202 2452 1255 quae

178 1269 346 1321 sacris
389 1269 690 1340 Scripturis
729 1275 783 1322 01
823 1269 1141 1340 apostolicis
1172 1269 1589 1322 Traditionibus
1631 1274 2006 1323 consentanea
2038 1269 2160 1323 Deo
2201 1270 2453 1324 adiutore

178 1360 573 1425 cognoverant.
654 1355 853 1426 Neque
907 1355 1051 1408 enim
1096 1355 1250 1407 Petri
1303 1354 1713 1408 successoribus
1763 1355 2001 1426 Spiritus
2044 1354 2277 1409 Sanctus
2329 1374 2454 1426 pro-

177 1441 372 1494 missus
414 1447 518 1509 est,
560 1447 621 1493 ut
662 1459 726 1494 eo
769 1442 1054 1495 revelante
1097 1459 1296 1494 novam
1340 1441 1647 1494 doctrinam
1690 1440 2100 1512 patefacerent,
2150 1442 2247 1496 sed
2287 1447 2349 1495 ut
2388 1460 2453 1496 eo

176 1527 467 1581 assistente
518 1528 778 1580 traditam
835 1546 933 1597 per
988 1529 1288 1598 Apostolos
1344 1528 1741 1581 revelationem
1799 1546 1896 1580 seu
1952 1528 2081 1581 fidei
2141 1528 2452 1599 depositum

177 1618 364 1667 sancte
409 1614 751 1667 custodirent
792 1620 847 1667 et
899 1614 1138 1667 fideliter
1191 1620 1557 1684 exponerent.
1639 1614 1886 1676 Quorum
1928 1615 2152 1685 quidem
2193 1615 2452 1686 apostoli-

177 1717 295 1752 cam
342 1700 649 1753 doctrinam
703 1719 894 1753 01111103
936 1700 1284 1754 venerabiles
1325 1701 1522 1753 Patres
1574 1701 1821 1771 amplexi
1873 1706 1928 1753 et
1968 1702 2143 1754 sancti
2184 1700 2454 1754 Doctores

178 1786 476 1838 orthodoxi
518 1787 766 1840 venerati
811 1791 977 1857 atque
1019 1786 1194 1839 secuti
1236 1790 1392 1852 sunt,
1439 1786 1754 1855 plenissime
1797 1786 2051 1853 301011103,
2094 1785 2238 1839 110110
2278 1786 2454 1839 3011011

176 1871 331 1924 Petri
374 1872 575 1925 Sedem
619 1872 687 1925 ab
742 1873 890 1925 omni
931 1890 1151 1943 semper
1204 1890 1391 1925 errore
1432 1871 1703 1926 illibatam
1745 1890 2098 1941 permanere,
2152 1871 2455 1925 secundum

176 1958 403 2011 Domini
446 1959 749 2012 Salvatoris
792 1960 963 2012 nostri
1007 1959 1251 2011 divinam
1294 1958 1751 2027 pollicitationem
1796 1958 2192 2028 discipulorum
2232 1976 2453 2011 suorum

175 2044 413 2114 principi
454 2044 689 2097 factam:
744 2044 866 2115 Ego
908 2045 1102 2114 rogavi
1145 2063 1243 2115 pro
1285 2050 1369 2107 te,
1423 2049 1483 2096 ut
1535 2062 1645 2097 non
1687 2043 1909 2097 deficiat
1948 2043 2086 2097 fides
2125 2048 2245 2110 tua,
2301 2049 2357 2096 et
2395 2049 2456 2096 tu

176 2130 475 2201 aliquando
519 2149 817 2184 conversus
860 2133 1123 2184 confirma
1166 2131 1364 2184 fratres
1406 2136 1528 2183 tuos
1555 2131 1590 2183 ¹.

328 2216 422 2286 [3.]
455 2218 579 2270 Hoc
607 2218 775 2288 igitur
797 2218 1045 2270 veritatis
1075 2227 1129 2270 et
1157 2217 1288 2270 fidei
1316 2235 1620 2287 numquam
1652 2215 1960 2269 deficientis
1990 2216 2263 2270 charisma
2285 2216 2455 2270 Petro

178 2302 407 2373 eiusque
450 2304 505 2355 in
548 2304 651 2356 1100
694 2303 976 2357 Cathedra
1027 2303 1439 2356 successoribus
1482 2303 1745 2356 divinitus
1788 2303 2048 2356 collatum
2093 2308 2202 2371 est,
2261 2309 2320 2355 ut
2360 2321 2456 2356 ex-

178 2388 324 2442 celso
367 2407 463 2441 suo
506 2407 735 2443 munere
778 2391 832 2442 111
875 2390 1122 2442 omnium
1150 2389 1385 2443 salutem
1416 2389 1803 2460 fungerentur,
1845 2394 1906 2441 ut
1933 2388 2223 2442 universus
2252 2387 2455 2441 Christi

177 2479 318 2544 grex
372 2493 471 2545 per
528 2494 621 2528 eos
674 2476 743 2529 ab
797 2477 996 2529 erroris
1049 2493 1331 2528 venenosa
1384 2492 1511 2528 0300
1552 2493 1807 2542 aversuS,
1861 2474 2114 2528 coelestis
2167 2474 2453 2527 doctrinae

118 2603 131 2615 .
177 2559 382 2630 pabulo
425 2562 759 2628 nutriretur,
813 2568 873 2614 ut
926 2561 1144 2614 sublata
1196 2561 1506 2613 schismatis
1555 2561 1845 2613 occasione
1887 2560 2140 2613 Ecclesia
2191 2565 2306 2613 tota
2348 2578 2456 2613 una

178 2653 634 2714 conservaretur,
702 2653 868 2718 atque
925 2665 1023 2700 suo
1080 2646 1443 2700 fundamento
1500 2647 1692 2698 innixa
1748 2646 1904 2698 firma
1968 2646 2231 2699 adversus
2289 2644 2456 2698 inferi

178 2737 364 2801 portas
406 2733 750 2786 consisteret.

330 2818 425 2887 [4.]
469 2819 680 2872 Atvcro
717 2837 841 2871 cum
882 2820 985 2872 hac
1014 2820 1133 2890 ipsa
1162 2823 1362 2884 aetate,
1406 2836 1514 2888 qua
1543 2817 1831 2870 salutifera
1858 2816 2169 2887 Apostolici
2213 2816 2456 2869 muneris

181 2904 431 2957 efficacia
470 2905 560 2958 vel
604 2905 847 2958 maxime
889 2906 1208 2976 requiritur,
1250 2923 1361 2957 non
1404 2905 1565 2976 pauci
1594 2904 1967 2970 inveniantur,
2011 2904 2103 2973 qui
2142 2903 2289 2955 illius
2330 2920 2455 2955 auc-

180 2991 389 3044 toritati
432 2991 773 3057 obtrectant,
817 2992 1191 3044 necessarium
1236 2991 1459 3044 omnino
1502 3009 1620 3044 esse
1649 3008 1949 3056 censemUS,
1991 2989 2454 3059 praerogativam,

181 3095 345 3148 quam
399 3078 720 3148 unigenitus
761 3078 870 3131 Dei
913 3078 1087 3130 Filius
1133 3095 1254 3129 cum
1308 3095 1521 3129 summo
1574 3076 1837 3146 pastorali
1891 3075 2073 3128 officio
2114 3075 2453 3144 coniungere

181 3163 440 3232 dignatus
483 3169 581 3231 est,
625 3164 948 3216 solemniter
990 3181 1255 3216 asserere.

329 3342 378 3402 a)
417 3343 495 3391 Cf.
534 3343 581 3392 S.
621 3343 775 3391 Bern.
814 3343 979 3405 Epist.
1018 3341 1172 3390 CXC.
1245 3341 1438 3404 [Migne
1475 3341 1531 3390 P.
1568 3341 1624 3388 L.
1665 3338 1980 3396 CLXXXII,
2023 3337 2186 3398 1053]

332 3477 345 3502 ¹
383 3478 460 3525 De
487 3478 585 3525 loci
613 3493 765 3525 sensu
791 3493 836 3524 v.
864 3493 1022 3539 supra
1047 3493 1157 3539 cap.
1177 3477 1247 3524 ΙΙ.
1275 3480 1549 3525 comment.
1576 3475 1696 3522 VII.
1723 3491 1770 3537 p.
1802 3475 1894 3521 170
1914 3490 1989 3537 sq.
2030 3473 2108 3522 Cf.
2134 3472 2337 3520 Relatio
2358 3476 2454 3519 etc.

182 3553 236 3603 C.
275 3555 336 3602 V.
377 3557 520 3603 278d
558 3572 632 3619 sq.
671 3585 732 3589 -—
769 3555 1027 3603 Poscebat
1077 3571 1210 3604 unus
1260 3572 1325 3604 ex
1371 3554 1642 3613 Patribus,
1696 3556 1754 3601 ut
1805 3552 1919 3600 loco
1969 3550 2236 3613 evangelio
2284 3549 2456 3597 Lucae

183 3633 454 3696 desumpto
494 3633 811 3682 adderentur
847 3634 1005 3681 haec:
1064 3632 1239 3694 „Quae
1286 3633 1447 3682 verba
1483 3634 1631 3680 iuxta
1667 3630 2014 3678 universalem
2063 3633 2115 3676 et
2152 3630 2455 3690 perpetuam

182 3710 447 3759 Ecclesiae
486 3711 818 3760 traditionem
856 3710 1195 3773 intelligenda
1232 3714 1353 3758 sunt
1391 3711 1452 3758 de
1489 3708 1751 3757 infallibili
1775 3706 2072 3769 magisterio
2098 3705 2242 3753 Petri
2269 3708 2318 3752 et
2345 3703 2456 3751 eius

184 3790 588 3838 successorum.“
644 3789 1067 3850 (Emendationes
1119 3793 1217 3838 etc.
1288 3787 1344 3837 C.
1383 3788 1445 3837 V.
1485 3789 1578 3835 376
1596 3785 1663 3846 a.)
1733 3785 2034 3847 Respondet
2080 3783 2251 3844 Episc.
2288 3781 2456 3829 Brixi-

182 3868 385 3914 nensis:
443 3867 786 3929 „Huiusmodi
824 3867 1128 3915 authentica
1165 3866 1450 3915 declaratio
1488 3881 1592 3913 11011
1628 3864 1798 3925 potuit
1834 3862 2052 3922 intendi,
2090 3865 2141 3909 et
2178 3860 2221 3908 si
2255 3860 2457 3907 intenta

183 3943 399 4005 fuisset,
452 3945 636 4008 utique
686 3946 840 3992 etiam
895 3945 1202 4007 disceptatio
1252 3944 1349 3992 hac
1400 3944 1461 3991 de
1510 3958 1566 3991 re
1613 3942 1666 3988 in
1704 3939 1935 3988 Concilio
1972 3938 2173 4001 agenda
2219 3932 2450 3985 fuisset.“

183 4019 408 4068 (Relatio
445 4024 543 4069 eto.
615 4021 670 4070 C.
707 4022 772 4068 V.
810 4023 906 4069 410
922 4020 984 4080 c.)
