2548 4290
223 138 293 189 48
417 139 531 179 Pars
562 137 598 178 I.
654 136 810 178 Const.
847 135 901 177 de
933 135 1034 176 fide.
1101 132 1212 189 Cap.
1244 133 1304 174 ΙΙ.
1364 131 1783 175 Commentationes
1817 131 1872 173 de
1905 132 2142 186 aliquibus
2175 132 2305 174 locis.

223 285 372 356 quod
413 302 602 338 omnes
642 282 769 334 libri
811 281 1133 351 Scripturae
1176 277 1440 331 credendi
1481 284 1609 330 sunt
1657 277 1799 329 sacri
1838 282 1892 329 et
1943 278 2191 330 canonici.
2273 276 2501 348 Duplex

221 370 481 422 nimirum
520 385 672 420 error
713 383 977 437 expresse
1021 364 1362 434 designatur,
1406 362 1644 434 primum
1674 380 1885 428 eorum,
1927 362 2020 432 qui
2061 361 2150 414 vel
2180 361 2502 430 universim,
2545 363 2548 366 ’

222 454 310 507 vel
354 453 421 506 de
463 452 740 523 aliquibus
781 451 934 503 libris
975 450 1121 502 inter
1147 449 1288 512 illos,
1331 465 1467 518 quos
1508 464 1680 500 omnes
1718 464 1836 500 cum
1862 446 2102 500 omuibus
2127 447 2238 499 suis
2256 447 2505 517 partibus

223 538 534 592 Concilium
576 537 968 590 Tridentinum
1022 552 1206 588 sacros
1259 541 1313 587 et
1367 533 1662 586 canonicos
1704 551 1823 587 esse
1864 532 2148 599 definivit,
2203 531 2500 601 affirmant,

222 642 313 677 eos
354 624 608 694 primitus
650 624 882 694 scriptos
925 639 1041 675 esse
1086 619 1470 673 tantummodo
1524 619 1750 688 ingenio
1804 623 1859 671 et
1911 618 2183 671 industria
2241 617 2503 686 humana,

216 708 313 761 sed
367 714 598 780 propter
649 725 763 772 res,
821 725 956 778 quas
1012 706 1330 772 continent,
1388 704 1456 757 ab
1498 703 1753 757 Ecclesia
1794 704 1908 757 sive
1950 705 2061 756 iam
2104 702 2344 756 mosaica
2385 703 2499 756 sive

220 792 519 846 christiana
558 794 703 846 inter
745 792 914 845 libros
958 791 1251 843 canonicos
1292 790 1597 842 recensitos
1638 807 1792 856 esse,
1852 794 1907 842 et
1948 795 2177 843 eatenus
2218 788 2504 842 habendos

221 895 337 931 esse
379 883 439 930 ut
479 896 690 946 sacros3
743 882 861 929 tum
903 875 1222 930 excluditur
1275 892 1429 928 error
1471 874 1643 939 alter,
1702 892 1809 944 quo
1862 874 1990 927 libri
2031 875 2351 946 Scripturae
2391 891 2504 926 non

218 964 433 1016 ratione
477 964 705 1034 originis
746 963 992 1033 ipsorum
1046 961 1316 1014 librorum
1368 978 1464 1013 seu
1513 960 1728 1013 ratione
1784 960 2128 1031 scriptioniS,
2186 960 2283 1014 sed
2325 960 2501 1013 solum

220 1049 434 1102 ratione
477 1049 760 1115 materiae,
805 1047 953 1118 quod
994 1048 1112 1100 sine
1156 1064 1342 1100 errore
1384 1045 1673 1099 continent
1713 1046 1976 1099 veritates
2016 1046 2320 1113 revelatas,
2363 1045 2504 1098 sacri

228 1139 282 1186 et
323 1134 493 1186 divini
536 1151 656 1187 esse
698 1134 974 1187 dicuntur.

373 1219 669 1291 „Sequitur
726 1220 927 1273 deinde
985 1219 1223 1291 positiva
1281 1218 1584 1272 declaratio
1644 1218 1928 1272 doctrinae
1986 1218 2326 1285 catholicae,
2393 1234 2499 1287 quo

219 1323 383 1358 sensu
433 1324 621 1359 omnes
670 1306 799 1359 libri
851 1306 1171 1376 Scripturae
1224 1310 1278 1358 et
1335 1304 1404 1358 ob
1460 1323 1625 1375 quam
1676 1305 1951 1358 rationem
2008 1305 2085 1358 eis
2141 1303 2502 1357 intrinsecam

219 1389 426 1443 fuerint
467 1392 534 1445 ab
564 1391 819 1445 Ecclesia
857 1393 997 1444 sacri
1030 1391 1312 1459 declarati,
1361 1396 1416 1444 et
1455 1392 1565 1443 iam
1608 1391 1714 1444 hoc
1754 1391 1873 1462 ipso
1915 1391 1971 1443 in
2015 1407 2284 1444 canonem
2325 1388 2503 1442 relati.

220 1475 384 1530 Ratio
427 1478 687 1530 nimirum
731 1484 812 1532 est
854 1496 925 1531 ex
967 1477 1154 1530 divina
1197 1478 1411 1548 origine
1454 1495 1551 1530 seu
1593 1478 1893 1548 scriptione
1933 1478 2177 1548 ipsorum
2219 1475 2505 1529 librorum.

219 1562 376 1615 Haec
418 1581 550 1617 vero
590 1564 816 1634 scriptio
857 1564 1045 1617 divina
1087 1564 1431 1631 declaratur,
1475 1564 1621 1634 quod
1666 1566 1713 1616 1.
1755 1563 1883 1617 libri
1924 1563 2222 1634 conscripti
2261 1566 2389 1615 sunt
2426 1561 2506 1613 in-

218 1650 450 1718 spirante
490 1650 699 1719 Spiritu
755 1650 977 1704 SanctO.
1056 1650 1193 1703 Erat
1246 1650 1416 1720 igitur
1468 1650 1910 1721 supernaturalis
1963 1650 2211 1721 operatio
2265 1647 2504 1719 Spiritus

223 1734 410 1787 Sancti
450 1735 506 1787 in
548 1735 798 1788 homines
853 1735 923 1788 ad
976 1735 1123 1805 ipsos
1175 1735 1346 1789 libros
1388 1736 1731 1791 scribendos,
1812 1739 1863 1789 2.
1904 1736 1994 1789 Ex
2047 1736 2151 1789 hoc
2195 1735 2313 1805 ipso
2356 1732 2504 1804 quod

222 1820 363 1872 actio
407 1819 644 1891 Spiritus
688 1820 878 1874 Sancti
919 1821 1269 1875 referebatur
1311 1821 1381 1874 ad
1423 1821 1746 1874 scribendos
1786 1821 1958 1875 libros
1999 1839 2099 1891 per
2139 1820 2392 1873 homines
2433 1820 2503 1871 ad

220 1904 327 1958 hoc
369 1924 507 1976 opus
530 1906 844 1977 inspiratos,
886 1906 991 1977 ipsi
1031 1906 1157 1959 libri
1189 1912 1316 1959 sunt
1346 1912 1401 1960 et
1430 1907 1499 1960 ab
1528 1907 1801 1978 Apostolo
1833 1907 2089 1960 dicuntur
2117 1906 2398 1976 Scriptura
2428 1904 2505 1956 di·-

218 1992 410 2043 viuitus
426 1992 703 2061 inspirata.
748 1995 797 2045 3.
818 1991 1078 2062 Denique
1102 1992 1246 2044 actio
1270 1992 1367 2044 illa
1384 1993 1761 2064 inspirationis
1782 1998 1900 2046 erat
1919 1991 2252 2060 huiusmodi,
2275 1995 2336 2043 ut
2351 1989 2505 2043 Deus

223 2077 291 2129 sit
331 2077 586 2129 librorum
628 2084 807 2130 auctor
845 2096 933 2131 seu
973 2084 1153 2130 auctor
1190 2080 1488 2148 scriptionis
1501 2121 1514 2145 ,
1556 2079 1632 2132 ita
1671 2084 1731 2131 ut
1770 2079 1890 2150 ipsa
1931 2097 2116 2132 rerum
2158 2075 2490 2147 consignati(

222 2179 318 2214 seu
360 2163 585 2233 scriptio
629 2163 927 2216 tribuenda
968 2164 1037 2216 sit
1078 2164 1462 2234 principaliter
1492 2164 1803 2235 operationi
1834 2164 2056 2217 divinae
2097 2164 2154 2216 in
2195 2163 2419 2216 homine
2450 2178 2492 2214 01

222 2266 321 2319 per
361 2249 645 2301 hominem
686 2250 892 2319 agenti,
936 2256 989 2302 et
1032 2250 1265 2320 proinde
1305 2250 1433 2303 libri
1481 2251 1805 2304 contineant
1841 2252 2091 2321 seriptum
2131 2250 2342 2303 verbum
2385 2248 2490 2301 Dei

375 2334 532 2402 „Hoc
573 2335 737 2388 modo
779 2335 1200 2407 inspirationem
1244 2336 1563 2408 Scripturae
1620 2338 1677 2389 in
1718 2336 1972 2390 Ecclesia
2010 2336 2120 2389 Dei
2162 2352 2378 2405 semper
2419 2334 2496 2386 in-

224 2420 503 2473 tellectam
546 2427 600 2474 et
641 2421 1064 2491 intelligendam
1105 2440 1252 2488 esse,
1297 2422 1640 2475 demonstrat
1684 2425 1732 2475 1.
1774 2423 1869 2476 SS.
1911 2422 2144 2475 Patrum
2186 2438 2498 2474 consensus.

224 2505 435 2559 Dicunt
477 2506 653 2574 enim,
713 2507 1016 2577 Scripturas
1054 2525 1154 2560 esse
1193 2509 1505 2578 conscriptas
1536 2527 1634 2578 per
1674 2508 1935 2578 Spiritum
1975 2507 2230 2561 Sanctum
2289 2507 2364 2560 vel
2403 2523 2490 2576 pei

224 2593 565 2661 operationem
606 2592 839 2662 Spiritus
880 2592 1060 2644 Sancti
1079 2592 1110 2659 ¹,
1150 2610 1253 2646 esse
1290 2594 1485 2646 litteras
1524 2593 1628 2646 Dei
1666 2594 1737 2646 ad
1775 2594 2004 2646 homiues
2044 2594 2230 2646 missas
2251 2590 2287 2658 2,
2328 2591 2500 2661 Scrip-

224 2682 373 2730 turas
411 2695 511 2730 esse
549 2694 582 2728 a
610 2677 720 2730 Deo
760 2677 922 2730 dictas
942 2677 976 2745 3,
1016 2695 1116 2730 esse
1147 2696 1181 2729 a
1210 2678 1317 2731 Deo
1345 2680 1419 2731 vel
1454 2680 1743 2749 operatione
1771 2678 1874 2732 Dei
1913 2678 2065 2731 datas
2106 2679 2179 2731 vet
2215 2677 2448 2731 conditas
2465 2675 2501 2743 ⁴,

378 2878 392 2904 ¹
433 2877 640 2941 Origen.
693 2880 755 2928 de
792 2880 1017 2942 Princip.
1067 2880 1287 2943 praefat.
1338 2897 1386 2929 n.
1424 2883 1469 2928 8.
1520 2881 1635 2928 0011.
1674 2883 1731 2942 4,
1782 2885 1964 2930 contra
2000 2880 2135 2930 Cels.
2174 2881 2206 2930 l.
2245 2881 2306 2929 V.
2352 2897 2402 2929 11.
2441 2882 2503 2928 60

224 2956 417 3019 (Migne
464 2943 520 3003 1).
572 2957 659 3005 Gr.
697 2958 803 3019 xr,
858 2960 978 3019 119,
1021 2959 1141 3020 1183
1195 2958 1372 3021 1275);
1421 2958 1691 3022 Theophil.
1741 2960 1985 3008 Antioch.
2034 2960 2099 3008 ad
2146 2958 2501 3021 Autoly0.11.

227 3052 270 3083 11.
309 3039 365 3095 9,
415 3036 514 3083 III.
553 3053 601 3083 n.
645 3038 701 3083 12
742 3037 884 3097 (ibid.
922 3037 1015 3097 VI,
1058 3039 1212 3098 1063,
1257 3036 1433 3099 1138),
1482 3038 1736 3086 Athanas.
1774 3039 1937 3101 praef.
1975 3039 2027 3085 in
2063 3038 2146 3085 Ps.
2185 3055 2233 3086 n.
2271 3040 2316 3085 2.
2355 3040 2399 3086 9.
2442 3039 2501 3085 10

223 3112 365 3172 (ibid.
392 3112 620 3173 XXVII,
661 3115 736 3175 11,
780 3115 854 3174 18,
899 3114 1003 3175 19),
1041 3115 1264 3176 August.
1293 3114 1404 3163 Oiv.
1431 3115 1528 3163 Dei
1553 3115 1756 3164 XVIII.
1797 3133 1838 3164 c.
1866 3119 1944 3163 41.
1982 3132 2031 3163 n.
2062 3118 2083 3161 l
2126 3113 2320 3177 (Migne
2358 3115 2414 3164 P.
2442 3115 2499 3163 L.

223 3189 362 3251 XLI,
401 3189 547 3249 600),
598 3189 950 3253 Chrysostom.
998 3192 1050 3238 in
1090 3191 1216 3240 Gen.
1255 3193 1391 3240 hom.
1430 3194 1507 3239 21.
1545 3210 1595 3240 n.
1641 3196 1660 3240 1
1703 3194 1895 3256 (Migne
1932 3194 1987 3242 P.
2028 3193 2116 3242 Gr.
2153 3193 2309 3253 LIII,
2352 3191 2498 3254 175),

224 3266 536 3315 Theodoret.
587 3268 640 3315 in
687 3268 770 3316 Ps.
823 3269 1042 3332 praefat.
1093 3269 1235 3329 (ibid.
1286 3270 1512 3331 LXXX,
1562 3270 1706 3333 862),
1759 3271 1856 3319 PP.
1898 3271 2114 3319 Ooncilii
2152 3269 2213 3318 V.
2264 3270 2500 3330 (Oollect.

223 3344 390 3393 Mansi
427 3348 463 3393 t.
502 3345 596 3393 IX.
634 3362 681 3407 p.
722 3345 857 3406 223).

372 3422 388 3449 2
428 3422 693 3485 Ohrysost.
732 3424 780 3471 in
812 3424 939 3472 Gen.
978 3426 1112 3473 hom.
1141 3428 1185 3474 2.
1222 3443 1270 3474 n.
1299 3429 1326 3473 2
1355 3427 1548 3490 (Migne
1574 3428 1630 3476 P.
1658 3427 1747 3476 Gr.
1773 3427 1919 3486 LIII,
1958 3425 2073 3487 28),
2111 3427 2246 3489 Aug.
2276 3442 2426 3475 serm.
2453 3428 2499 3475 2.

222 3501 272 3548 in
321 3500 404 3549 Ps.
443 3503 520 3548 90.
570 3518 617 3548 11.
661 3505 712 3562 1,
767 3508 990 3550 enarrat.
1043 3504 1093 3550 in
1132 3504 1212 3551 Ps.
1255 3506 1364 3552 149.
1402 3522 1451 3554 n.
1490 3506 1546 3566 5;
1602 3505 1818 3568 Gregor.
1855 3505 1921 3552 M.
1970 3506 2003 3553 1.
2041 3505 2131 3553 IV.
2183 3521 2262 3568 ep.
2300 3507 2378 3553 31.
2433 3504 2497 3552 ad

225 3578 480 3626 Theodor.
520 3578 713 3640 (Migne
750 3579 805 3627 P.
843 3580 898 3626 L.
938 3580 1218 3642 XXXVII,
1263 3584 1419 3643 1159,
1463 3584 1620 3644 1952,
1658 3582 1931 3643 LXXVII,
1971 3581 2104 3641 706).

374 3654 389 3681 3
429 3655 586 3703 Olem.
624 3656 769 3704 Rom.
810 3673 886 3719 ep.
930 3659 969 3704 1.
1010 3658 1072 3705 ad
1112 3657 1228 3705 Cor.
1269 3675 1311 3707 c.
1338 3661 1432 3721 453
1481 3661 1617 3708 Iren.
1653 3660 1685 3707 l.
1725 3660 1795 3707 II.
1836 3675 1877 3707 c.
1917 3661 1995 3706 28.
2034 3676 2082 3707 11.
2121 3662 2179 3722 2,
2228 3659 2496 3721 Hippolyt.

225 3736 388 3780 contr.
426 3733 578 3781 Noet.
616 3750 665 3781 n.
703 3736 730 3780 9
772 3738 822 3781 et
859 3735 998 3796 apud
1036 3734 1224 3783 Euseb.
1262 3737 1326 3784 H.
1364 3738 1422 3785 E.
1461 3738 1491 3783 1.
1531 3737 1594 3785 V.
1648 3754 1690 3785 0.
1729 3739 1791 3784 58
1830 3737 2021 3799 (Migne
2059 3738 2115 3785 P.
2154 3737 2243 3786 Gr.
2283 3738 2334 3799 I,
2372 3738 2495 3797 299,

224 3809 346 3870 VII,
384 3811 506 3871 805,
544 3811 609 3871 X,
648 3812 771 3870 818,
809 3812 927 3872 XX,
967 3811 1101 3870 518).

375 3885 393 3912 ¹*
431 3886 589 3935 Olem.
625 3888 777 3936 Alex.
816 3888 1000 3936 Strom.
1032 3890 1101 3937 II.
1140 3907 1186 3952 p.
1214 3892 1309 3938 362
1348 3891 1449 3951 (ed.
1481 3893 1623 3939 1641.
1683 3892 1856 3953 Migne
1883 3892 2032 3953 VIII,
2072 3892 2216 3953 942)3
2256 3891 2493 3940 Gelasius

225 3963 469 4012 Pontifex
506 3965 557 4012 in
595 3965 750 4013 Oonc.
787 3966 931 4013 Rom.
973 3966 1159 4026 (Mansi
1198 3968 1546 4030 Supplement.
1585 3972 1620 4017 t.
1659 3969 1700 4017 I.
1738 3986 1785 4032 p.
1824 3969 1958 4029 357).
