2548 4290
0 1260 9 1293 xvv·
0 1199 8 1217 »η
0 1168 9 1181 ι
0 878 14 1155 -ψντιπινψπι-»υι-ιιηῃ
8 830 11 832 ,
5 786 12 814 Α,
3 687 11 712 Μ,
5 665 11 671 ,
6 625 19 651 ᾖ..
5 609 7 611 .
7 590 9 592 .
5 558 10 561 ,4
5 508 11 514 ,
6 474 9 476 .
4 423 8 442 ,,
5 392 8 409 ,.
7 331 10 333 ,
4 295 6 299 -

19 849 46 1027 aenaeum?
28 790 49 836 ῃ(
15 622 46 651 ἴ,
28 589 47 598 :-
23 571 31 576 ²
27 490 51 498 ‘.
20 468 35 475 <
31 441 45 452 s
28 408 48 420 1·
20 381 36 395 .·..
31 352 41 362 4.
23 329 35 334 ‚2
21 187 35 267 «ww-<-

824 152 939 193 Eius
969 156 1262 207 prooemium.
1295 175 1350 181 —
1383 155 1496 195 Eius
1528 167 1624 209 cap.
1657 156 1692 195 I.
2265 156 2368 208 215

1098 325 1349 378 CAPUT
1390 327 1434 381 Ι.

606 439 665 483 De
698 437 933 496 Apostolici
965 438 1173 496 primatus
1204 440 1248 483 in
1278 440 1405 485 beato
1436 440 1563 486 Petro
1596 442 1867 488 institutione
1885 445 1914 488 ¹.

265 562 267 564 ·
302 542 399 611 [1.]
440 543 713 595 Docemus
739 543 924 612 itaque
954 548 1008 595 et
1037 543 1390 607 declaramuS,
1431 546 1587 597 iuxta
1613 546 1900 614 Evangelii
1929 548 2237 600 testimonia
2266 548 2371 618 pri-

157 629 361 677 matum
400 625 786 677 iurisdictionis
836 626 891 677 in
941 627 1252 678 universam
1291 627 1397 679 Dei
1436 627 1776 680 Ecclesiam²
1828 629 2140 682 immediate
2191 636 2244 683 et
2294 631 2372 682 di-

304 769 318 796 ¹
355 770 664 832 Proponitur
701 770 932 817 doctrina
968 770 1166 819 duobus
1191 772 1272 818 vel
1309 772 1472 818 tribus
1500 773 1757 820 erroribus
1784 773 2030 834 opposita,
2068 778 2126 821 ut
2150 775 2374 822 animad-

161 846 373 894 vertitur
409 862 438 893 a
472 846 598 893 Rffio
635 846 724 893 Pie
770 846 820 892 in
867 847 1116 894 relatione
1161 848 1387 908 generali
1435 849 1496 895 de
1544 849 1800 896 schemate
1837 849 1913 908 (O.
1951 850 2011 897 V.
2050 852 2141 896 292
2156 849 2208 908 b)
2257 855 2307 898 et
2343 867 2371 898 a

159 922 406 983 theologis
431 923 482 969 in
507 923 923 969 adnotationibus
948 923 1010 970 ad
1037 924 1241 970 schema
1264 924 1533 985 pristinum
1554 925 1613 972 de
1631 925 1860 972 Ecclesia
1881 924 1955 983 (O.
1973 926 2034 973 V.
2061 927 2151 972 611
2170 927 2200 973 d
2227 926 2371 988 sqq).

155 996 455 1060 Opponitur,
494 1003 551 1045 ut
586 999 729 1045 aiunt
765 999 817 1045 hi
842 1000 1084 1059 theologi,
1123 1000 1380 1046 erroribus
1420 1002 1494 1060 „1.
1519 1004 1820 1047 novatorum
1845 1001 2063 1048 maxime
2087 1006 2373 1063 protestan-

156 1076 313 1135 tium,
367 1077 477 1137 qui,
527 1080 584 1123 ut
622 1076 941 1137 exploratum
979 1080 1082 1135 est,
1130 1080 1320 1137 negant
1356 1077 1650 1137 simpliciter
1686 1078 1901 1124 divinam
1934 1078 2190 1125 Primatus
2226 1079 2373 1126 iuris-

157 1151 390 1199 dictionis
430 1153 785 1199 institutionem.
835 1152 943 1207 Quo
982 1153 1131 1199 etiam
1170 1155 1366 1213 spectat
1403 1156 1583 1199 auctor
1620 1153 1785 1214 operis
1821 1153 2048 1215 inscripti
2083 1153 2272 1212 ‚Traite
2310 1155 2370 1201 de

154 1225 414 1274 l’autorite
452 1227 518 1274 du
553 1225 709 1288 Pape‘
757 1227 785 1274 a
819 1228 870 1274 la
904 1227 1049 1288 Haye
1090 1229 1227 1275 1720.
1272 1228 1304 1275 l.
1342 1228 1382 1275 I.
1420 1244 1460 1275 c.
1499 1230 1541 1276 6.
1580 1232 1836 1286 statuens,
1886 1229 2099 1276 Romani
2134 1230 2372 1291 Episcopi

154 1302 435 1349 Primatum
472 1303 673 1349 nonnisi
707 1303 831 1350 iuris
870 1303 1196 1350 ecclesiastici
1237 1319 1361 1351 esse.

303 1380 375 1438 „2.
413 1378 860 1426 Schismaticorum
910 1380 1233 1439 negantium,
1287 1379 1379 1426 soli
1425 1379 1576 1426 Petro
1613 1380 1892 1427 Primatum
1938 1380 1989 1426 in
2039 1380 2372 1428 universalem

155 1454 434 1501 Ecclesiam
485 1453 733 1501 tributum
784 1453 973 1513 fuisse3
1022 1455 1382 1501 affirmantium
1437 1459 1640 1513 contra,
1696 1471 1809 1502 eum
1859 1456 2223 1516 Apostolorum
2276 1456 2374 1502 col-

154 1529 288 1591 legio
340 1545 449 1577 esse
501 1529 771 1576 collatum:
829 1531 902 1577 ita
952 1530 1203 1577 Macarius
1254 1530 1545 1577 Vinnicens.
1596 1530 1769 1577 Theol.
1824 1530 1990 1591 dogm.
2041 1531 2171 1578 orth.
2223 1535 2258 1578 t.
2304 1532 2373 1577 Π.

156 1622 203 1668 p.
239 1608 284 1653 3.
331 1621 429 1653 sec.
466 1607 511 1653 2.
560 1622 599 1652 c.
641 1607 681 1653 1.
729 1606 877 1653 docet
923 1607 991 1666 I.,
1042 1609 1196 1666 caput
1242 1606 1500 1652 Ecclesiae
1550 1621 1658 1652 esse
1706 1607 1976 1652 Dominum
2020 1610 2249 1654 nostrum
2297 1607 2375 1654 Ie-

157 1698 268 1730 sum
305 1681 588 1742 Ohristum3
639 1698 752 1729 nam
804 1683 837 1729 l.
875 1699 915 1729 c.
959 1683 984 1741 ξ
1024 1684 1129 1728 176.
1184 1682 1382 1729 scribit:
1436 1682 1523 1741 ,Le
1570 1682 1688 1728 chef
1732 1683 1792 1729 de
1829 1667 2034 1743 l’Eglise
2071 1683 2193 1730 c’est
2227 1686 2374 1730 notre

158 1758 401 1821 Seigneur
448 1757 615 1806 Jesus.
686 1757 1012 1818 Oependant,
1064 1756 1211 1819 apres
1263 1759 1405 1805 avoir
1452 1760 1658 1805 commis
1705 1759 2149 1806 l'administration
2195 1758 2375 1807 visible

158 1835 219 1882 de
267 1850 357 1882 son
403 1818 572 1895 Eglise
616 1850 718 1881 aux
765 1833 1011 1896 eveques‚
1062 1835 1170 1894 qui,
1223 1850 1314 1895 par
1363 1835 1411 1881 le
1452 1835 1666 1896 pouvoir
1714 1835 1837 1881 dont
1882 1836 1943 1881 ils
1993 1839 2106 1881 sont
2152 1834 2374 1894 revetus‚

155 1910 445 1958 reunissent
481 1914 595 1957 tous
640 1911 712 1958 les
748 1915 985 1972 croyants
1022 1926 1083 1957 en
1129 1926 1228 1957 une
1277 1911 1416 1958 seule
1461 1909 1648 1957 socictc
1686 1909 1998 1970 exterieure,
2046 1912 2093 1958 le
2130 1911 2377 1971 Seigneur

157 1986 310 2035 Jesus
346 1987 395 2033 la
428 2001 688 2048 gouverne
733 1987 989 2034 lui-meme
1025 1986 1427 2045 invisiblement,
1477 2002 1668 2033 comme
1705 2002 1795 2033 son
1831 1986 2079 2035 veritable
2118 1987 2256 2046 chef,
2309 1990 2375 2046 et,

1375 2063 1717 2110 Continuatur
1753 2064 1803 2109 in
1839 2065 2026 2124 pagina
2062 2063 2309 2125 sequenti.

304 2138 320 2165 ²
361 2138 487 2199 „Qui
524 2139 723 2201 quidem
763 2155 910 2186 casus
947 2137 1320 2198 accusativus“,
1358 2143 1415 2186 ut
1453 2139 1661 2201 exponit
1696 2140 1854 2186 Rffius
1892 2139 1980 2186 Pie
2026 2140 2078 2186 in
2126 2139 2374 2186 relatione

162 2216 223 2263 de
258 2219 367 2263 toto
406 2216 660 2263 schemate
698 2215 774 2274 (O.
810 2216 871 2263 V.
909 2218 1001 2262 292
1019 2216 1080 2273 c),
1123 2218 1200 2276 „in
1236 2217 1507 2263 universam
1545 2216 1807 2263 Ecclesiam
1842 2217 1892 2263 in
1928 2217 2085 2277 priori
2123 2217 2376 2263 schemate

161 2308 223 2340 ex
257 2296 402 2354 parte
438 2292 724 2354 aliquorum
760 2293 1003 2339 Rfflorum
1040 2293 1250 2339 Patrum
1289 2309 1443 2339 causa
1479 2294 1817 2339 accusationis
1852 2293 1964 2340 fuit.

306 2368 430 2428 „Ast
454 2369 524 2414 ita
548 2368 646 2414 iam
682 2369 1101 2429 pronuntiaverat
1128 2367 1406 2415 Concilium
1425 2369 1768 2429 Lugdunense
1794 2370 1861 2416 Π.
1889 2369 2167 2427 declarans,
2208 2368 2377 2427 ,Sanc-

158 2448 263 2491 tam
308 2444 585 2490 Romanam
632 2444 911 2491 Ecclesiam
952 2445 1003 2490 in
1050 2445 1096 2492 b.
1134 2444 1286 2490 Petro
1335 2444 1699 2505 Apostolorum
1746 2445 1972 2505 principe
2020 2444 2122 2490 sive
2169 2443 2374 2501 vertice,

159 2520 303 2568 cuius
339 2519 597 2566 Romanus
632 2519 872 2567 Pontifex
909 2525 986 2567 est
1024 2535 1302 2579 successor,
1340 2536 1588 2566 summum
1627 2524 1678 2567 et
1712 2521 1916 2581 plenum
1944 2520 2288 2581 Principatum
2327 2524 2376 2567 et

156 2596 434 2642 Primatum
467 2610 620 2656 supra
654 2597 928 2642 universam
962 2595 1223 2642 Ecclesiam
1267 2596 1550 2642 catholicam
1587 2593 1851 2643 obtinere‘.
1919 2596 2118 2641 Pariter
2171 2599 2219 2641 et
2257 2594 2372 2642 Flo-

159 2671 415 2718 rentinum
457 2670 712 2730 definivit,
762 2671 1016 2728 ‚Sanctam
1053 2671 1397 2731 Apostolicam
1439 2670 1615 2717 Sedem
1666 2676 1714 2717 et
1752 2672 2032 2717 Romanum
2080 2670 2375 2717 Pontificem

157 2749 209 2794 in
243 2748 515 2794 universum
550 2746 709 2792 orbem
745 2750 919 2793 tenere
951 2746 1314 2808 Principatum,
1353 2750 1403 2793 et
1428 2747 1523 2807 ipsi
1559 2748 1610 2793 in
1646 2748 1692 2794 b.
1720 2747 1871 2794 Petro
1896 2747 2141 2807 pascendi,
2178 2747 2378 2806 rependi

161 2838 218 2870 ac
262 2822 569 2884 cubernancli
612 2823 929 2869 universalem
967 2821 1227 2869 Ecclesiam
1266 2838 1295 2868 a
1330 2822 1545 2869 Domino
1580 2826 1755 2869 nostro
1792 2823 1912 2869 Iesu
1949 2821 2151 2869 Christo
2183 2822 2377 2881 plenam

157 2904 434 2959 potestatem
471 2898 706 2944 traditam
743 2895 869 2945 esse‘.

307 2974 525 3034 „Verum
561 2988 768 3034 prorsus
806 2979 882 3020 est
918 2974 984 3032 id,
1023 2974 1157 3034 quod
1188 2974 1455 3034 allegatur,
1493 2989 1594 3020 non
1633 2974 1786 3020 semel
1823 2974 1963 3032 alias,
2002 2977 2051 3019 et
2088 2974 2290 3034 quidem
2325 2973 2375 3019 in

160 3049 384 3099 Concilio
422 3050 719 3096 Tridentino
741 3088 751 3108 ,
794 3049 981 3096 dictum
1021 3050 1178 3096 fuisse
1213 3051 1262 3095 in
1297 3052 1520 3097 imiversa
1555 3048 1782 3096 Ecclesia.
1852 3049 1930 3095 Ab
1967 3049 2062 3095 hoc
2099 3052 2269 3095 autem
2307 3048 2378 3095 di-

160 3126 305 3173 cendi
340 3126 489 3173 modo
525 3141 660 3172 nunc
697 3125 1052 3172 abstinendum
1100 3126 1348 3179 duximus⁴
1372 3129 1580 3186 propter
1615 3125 1753 3171 illam
1800 3126 1958 3186 ipsam
2007 3125 2376 3186 aequivocatio-

158 3217 275 3249 nem
311 3217 399 3249 seu
436 3201 691 3248 sinistram
729 3202 1219 3262 interpretationem,
1257 3217 1406 3261 quam
1444 3201 1559 3247 inde
1597 3205 1910 3262 usurparunt
1944 3200 2248 3257 Richeriani‚
2285 3200 2377 3247 Fe-

158 3278 392 3327 broniani
429 3281 478 3324 et
514 3277 599 3324 alii
634 3278 694 3324 ab
732 3277 960 3324 Ecclesia
994 3277 1173 3324 merito
1212 3277 1449 3324 damnati.
1520 3277 1719 3323 Etenim
1767 3292 1939 3322 omnes
1975 3276 2241 3336 Episcopi,
2291 3276 2377 3336 qui

158 3357 376 3415 pascunt
409 3367 589 3414 greges
624 3353 985 3414 particulareS,
1034 3352 1373 3413 principatum
1418 3352 1607 3398 habere
1653 3354 1703 3398 in
1738 3350 1950 3398 Ecclesia
1998 3351 2167 3411 aliquo
2206 3352 2378 3397 certis—

160 3430 285 3477 simo
323 3444 473 3476 sensu
512 3428 609 3475 dici
644 3432 858 3490 possunt
894 3431 943 3474 et
981 3428 1183 3487 debent,
1222 3432 1473 3489 quatenus
1500 3428 1693 3474 scilicet
1728 3427 2003 3488 principem
2042 3426 2229 3472 ordinis
2264 3441 2378 3487 gra-

161 3504 279 3551 dum
315 3507 505 3563 tenent,
543 3507 592 3550 et
628 3504 692 3550 ad
726 3518 908 3564 greges
944 3503 1224 3563 pascendos
1248 3504 1299 3549 in
1325 3503 1552 3550 Ecclesia
1590 3503 1903 3550 ordinantur.
1953 3502 2022 3547 At
2059 3517 2178 3547 vero
2215 3502 2377 3549 nulla-

162 3583 309 3627 tenus
346 3579 443 3626 dici
478 3583 691 3640 possunt
724 3579 1005 3625 Primatum
1040 3579 1230 3625 habere
1265 3578 1655 3638 iurisdictionis,
1697 3593 1862 3639 neque
1900 3577 1940 3623 si
1976 3591 2147 3623 omnes
2183 3577 2376 3624 fuerint

161 3655 309 3702 simul
357 3655 676 3715 congregati,
726 3655 916 3702 habere
952 3654 1232 3699 Primatum
1280 3653 1645 3700 iurisdictionis
1691 3656 1742 3700 in
1793 3656 2064 3699 universam
2101 3651 2377 3713 Ecclesiam,

162 3732 297 3792 quod
334 3731 427 3777 soli
462 3730 615 3777 Petro
664 3733 713 3777 et
751 3729 1129 3776 successoribus
1183 3729 1290 3776 eius
1340 3729 1580 3775 divinitus
1619 3729 1791 3776 datum
1830 3733 1930 3788 est,
1982 3731 2039 3774 ut
2077 3731 2276 3775 constat
2314 3744 2377 3775 ex

160 3807 550 3854 auctoritatibus
596 3807 694 3852 iam
731 3806 924 3866 allatiS,
972 3805 1184 3865 aliisque
1222 3820 1347 3865 pene
1394 3804 1601 3851 infinitis
1638 3805 1689 3851 in
1727 3806 1942 3852 decursu
1988 3804 2139 3850 huius
2189 3804 2379 3851 discus-

161 3882 315 3929 sionis
352 3886 489 3929 certe
525 3879 840 3929 afferendis.“
