2548 4290
709 134 821 175 Eius
853 146 951 187 cap.
983 134 1062 175 IV.
1113 136 1183 175 De
1213 134 1300 175 fide
1330 140 1374 175 et
1405 138 1589 176 ratione.
2189 134 2256 183 95

54 282 173 346 ciat,
212 284 320 331 tam
361 278 717 347 singulorum,
759 295 919 346 quam
961 279 1217 345 omnium,
1257 283 1367 330 tam
1411 280 1567 330 unius
1607 280 1854 345 hominis,
1895 296 2056 348 quam
2094 278 2259 330 totius

52 361 352 425 Ecclesiae,
391 365 632 412 aetatum
671 377 733 412 ac
773 360 1113 413 saeculorum
1150 361 1435 429 gradibUS,
1475 362 1854 430 intelligentia,
1894 361 2137 426 scientia,
2178 377 2257 411 sa-

52 444 280 518 pientia:
337 443 433 495 sed
485 445 542 494 in
590 460 686 495 suo
739 441 1023 495 dumtaxat
1077 460 1312 512 genere,
1366 444 1419 494 in
1477 443 1667 496 eodem
1724 444 1930 496 scilicet
1985 443 2256 510 dogmate,

52 528 240 583 eodem
279 544 454 593 sensu,
496 526 797 595 eademque
837 527 1107 579 sententia
1131 527 1178 593 a)
1203 526 1236 579 ¹.

189 701 245 765 a]
278 703 423 750 Vinc.
459 703 560 750 Lir.
598 702 858 750 Common.
892 719 941 749 n.
978 705 1055 751 28.
1104 701 1154 761 [l.
1192 702 1289 762 23]
1330 702 1517 765 [Migne
1553 703 1650 750 ΡΡ.
1688 703 1785 749 LL.
1822 703 1878 761 L,
1917 701 2047 761 668]

50 830 131 885 SS.
165 834 402 883 Patribus
449 833 605 880 fuisse
642 833 995 895 perfectiorem
1034 849 1186 894 quam
1222 834 1272 880 in
1305 834 1595 895 Apostolis,
1644 834 1731 880 sed
1778 839 1947 881 tamen
1995 833 2143 893 longe
2179 847 2257 879 re-

47 914 231 960 motam
278 925 307 956 a
350 925 441 956 sua
488 909 667 956 ultima
717 909 1059 970 perfectione:
1109 926 1243 956 nunc
1290 925 1411 956 vero
1458 925 1547 971 per
1595 925 1765 956 veram
1802 909 2168 971 philosophiam
2206 911 2256 954 et

47 988 98 1037 in
138 987 231 1034 hac
281 986 392 1033 luce
443 986 765 1032 scientiarum
821 985 1117 1032 recentioris
1169 987 1352 1033 aetatis
1401 985 1463 1032 ad
1511 986 1712 1047 plenum
1762 986 2078 1032 intellectum
2128 984 2258 1031 veri-

48 1066 205 1113 tatum
250 1062 591 1109 revelatarum
627 1062 1023 1123 perveniendum
1071 1077 1195 1108 esse.
1262 1062 1567 1108 Huiusmodi
1609 1066 1780 1108 autem
1825 1062 2110 1122 profectum
2155 1076 2256 1108 non

49 1139 205 1188 solum
253 1138 497 1186 haeretici
548 1139 851 1195 adstruunt,
912 1139 998 1200 qui
1049 1138 1462 1187 infallibilitatem
1503 1138 1760 1185 Ecclesiae
1809 1141 2023 1199 negant3
2081 1152 2256 1184 verum

48 1215 195 1264 etiam
244 1214 558 1261 admittendo
595 1214 1038 1274 infallibilitatem,
1092 1215 1179 1261 sed
1216 1229 1325 1261 eam
1373 1229 1474 1261 non
1521 1218 1659 1261 recte
1694 1214 2076 1275 interpretando
2114 1229 2257 1260 error

49 1291 313 1340 inducitur.
363 1290 663 1337 Affirmatur
700 1291 847 1349 enim,
885 1306 1066 1337 munus
1092 1290 1349 1338 Ecclesiae
1383 1290 1663 1337 infallibilis
1700 1291 1790 1336 sub
1827 1290 2116 1337 assistentia
2154 1289 2260 1350 Spi-

47 1367 172 1414 ritus
198 1366 369 1414 Sancti
405 1381 462 1412 eo
489 1367 692 1414 tandem
731 1371 976 1427 spectare,
1014 1370 1071 1412 ut
1095 1367 1228 1413 inter
1252 1366 1418 1412 varias
1445 1366 1722 1412 sententias
1748 1364 1808 1412 de
1834 1380 1984 1411 sensu
2011 1365 2259 1425 dogmatis

46 1443 130 1491 illa
176 1442 491 1504 praevaleat,
543 1459 672 1504 quae
708 1458 797 1505 pro
835 1443 925 1489 tali
961 1446 1190 1503 tempore
1228 1443 1292 1488 sit
1328 1443 1606 1501 aptissima;
1652 1442 1703 1487 in
1740 1456 1841 1502 qua
1887 1441 2139 1487 sententia
2185 1442 2258 1487 ita

45 1534 133 1582 per
154 1519 413 1566 Ecclesiae
449 1518 789 1566 definitionem
825 1519 1151 1579 praevalente
1188 1517 1473 1565 concedunt
1509 1533 1705 1579 semper
1741 1533 1849 1564 esse
1886 1518 2099 1577 aliquam
2134 1518 2257 1563 veri-

45 1601 208 1656 tatem,
257 1594 344 1641 sed
378 1610 478 1641 non
514 1595 626 1642 ideo
665 1595 930 1642 veritatem
969 1594 1262 1654 simpliciter
1309 1598 1359 1640 et
1396 1597 1554 1640 totam
1602 1594 1897 1652 veritatem:
1944 1597 2097 1655 atque
2144 1592 2257 1639 ideo

44 1686 312 1734 progressu
348 1671 588 1733 temporis
625 1687 717 1733 pro
751 1671 848 1718 alio
885 1671 1117 1718 ulteriori
1154 1671 1316 1717 stadio
1366 1670 1690 1717 scientiarum
1738 1669 2077 1715 necessariam
2114 1669 2258 1715 reddi

45 1747 380 1795 definitionem
415 1748 788 1809 perfectiorem,
827 1747 944 1807 quia
979 1747 1065 1793 illa
1098 1747 1237 1808 prior
1262 1746 1377 1792 huic
1404 1746 1671 1807 posteriori
1696 1745 1857 1792 stadio
1884 1744 2124 1792 scientiae
2158 1743 2258 1791 iam

43 1826 159 1886 apta
203 1839 303 1870 non
341 1827 431 1871 est.
502 1823 612 1882 Sic,
666 1824 836 1879 aiunt,
890 1823 1092 1869 saeculo
1130 1823 1190 1869 V.
1240 1821 1556 1868 excludenda
1603 1824 1712 1867 erat
1759 1822 2003 1881 separatio
2040 1820 2255 1866 duarum

42 1914 366 1960 personarum
414 1899 628 1945 hominis
676 1899 793 1945 Iesu
843 1901 892 1944 et
928 1897 1043 1944 Filii
1080 1898 1197 1957 Dei3
1251 1896 1507 1943 damnatio
1552 1911 1672 1943 vero
1723 1896 1874 1942 huius
1921 1896 2257 1956 separationis

40 1975 191 2036 ,iuxta
216 1974 581 2036 psycholoqz'am
615 1975 748 2021 illius
783 1972 972 2021 aetatis‘
1020 1974 1314 2020 includebat
1360 1973 1609 2019 unitatem
1652 1987 1901 2033 personae
1938 1971 2159 2031 Christi,
2209 1977 2260 2019 et

42 2050 112 2099 ita
147 2050 353 2098 definita
399 2055 475 2097 est
521 2066 623 2097 una
667 2051 955 2112 hypostasis
1004 2066 1091 2096 seu
1128 2065 1344 2111 persona
1394 2050 1444 2094 in
1493 2050 1689 2095 duabus
1725 2049 1939 2095 naturis.
2011 2049 2079 2095 At
2113 2048 2259 2094 iuxta

42 2141 210 2174 veram
260 2127 630 2188 philosophiam
681 2131 886 2173 nostrae
923 2127 1134 2184 aetatis,
1182 2127 1445 2187 inquiunt,
1497 2126 1596 2171 iam
1643 2124 1859 2185 intelligi
1907 2125 2090 2172 debent
2129 2124 2257 2170 duae

42 2218 301 2264 personae,
340 2203 507 2249 divina
544 2209 593 2250 et
629 2203 865 2262 humana,
902 2211 1258 2262 permanentes
1285 2203 1333 2247 in
1360 2202 1468 2262 ipsa
1493 2202 1710 2260 unione,
1748 2204 1798 2248 et
1834 2201 1947 2247 ideo
1973 2201 2257 2261 intelligen-

44 2278 154 2326 dam
190 2295 300 2327 esse
336 2295 437 2326 non
473 2280 720 2326 unitatem
767 2280 942 2326 realem
978 2294 1224 2339 personae
1261 2278 1475 2335 Christi,
1527 2278 1689 2339 qualis
1726 2277 1973 2324 hactenus
2010 2278 2258 2339 intellige-

41 2354 207 2413 batur,
246 2355 333 2402 sed
368 2371 517 2402 unam
556 2369 822 2416 personam
860 2356 1188 2415 compositam
1227 2370 1289 2401 ex
1317 2354 1512 2400 duabus
1538 2353 1781 2413 personis
1832 2352 1880 2399 Si
1909 2358 2078 2400 autem
2105 2370 2257 2415 quae-

42 2430 200 2491 ritur,
253 2447 343 2478 cur
380 2431 596 2492 Spiritus
633 2430 849 2478 Sanctus
900 2446 1000 2477 non
1034 2431 1264 2477 docuerit
1299 2430 1607 2488 Ecclesiam,
1663 2429 1796 2490 quod
1833 2430 1968 2476 illius
2016 2431 2257 2489 temporis

41 2506 360 2567 philosophia
401 2522 500 2553 non
540 2507 737 2566 docuit,
786 2506 1121 2566 respondent,
1170 2506 1410 2567 Spiritum
1449 2505 1686 2551 Sanctum
1735 2505 1979 2565 paulatim
2017 2506 2256 2554 inducere

39 2581 89 2628 in
125 2597 323 2629 omnem
357 2583 651 2642 veritatem,
700 2583 829 2629 sicut
866 2582 1088 2629 Trinitas
1132 2597 1460 2641 personarum
1510 2597 1611 2627 non
1657 2581 1756 2626 iam
1795 2597 1884 2640 per
1919 2581 2129 2641 Moysen
2168 2583 2254 2629 sed

39 2656 90 2703 in
127 2657 190 2706 N.
226 2658 283 2705 Τ.
322 2658 522 2704 (1611111111
569 2658 794 2705 revelata
831 2662 936 2717 est,
982 2662 1031 2705 et
1078 2658 1208 2704 sicut
1246 2656 1477 2703 Christus
1524 2657 1630 2718 ipse
1679 2657 1831 2703 dixit:
1884 2658 2045 2703 Multa
2092 2659 2253 2705 habeo

38 2733 182 2781 vobis
221 2732 402 2792 dicere,
441 2733 528 2780 sed
563 2748 665 2779 non
700 2734 912 2794 potestis
949 2737 1153 2794 portare
1189 2730 1383 2779 modo.“
1459 2731 1533 2791 (O.
1571 2732 1632 2779 V.
1670 2733 1811 2779 537d
1849 2731 1977 2794 sqq.)

185 2808 200 2835 ¹
237 2809 499 2856 Adnotant
533 2809 681 2855 iidem
731 2810 977 2869 theologi:
1025 2809 1090 2855 Vi
1127 2809 1317 2856 decreti
1352 2824 1452 2855 non
1492 2824 1642 2868 „sane
1688 2809 1948 2869 profectus
1984 2810 2066 2856 ille
2103 2825 2254 2858 verus

39 2888 91 2932 et
123 2886 375 2946 genuinus
412 2885 716 2945 excluditur,
755 2901 903 2946 quem
930 2885 1011 2932 SS.
1037 2886 1216 2932 Patres
1242 2885 1610 2943 commendant,
1650 2889 1699 2931 et
1736 2886 1821 2946 qui
1848 2886 1938 2932 sub
1965 2887 2256 2934 assistentia

40 2958 253 3022 Spiritus
291 2960 463 3008 Sancti
510 2976 598 3022 per
633 2961 791 3022 ipsius
826 2961 1084 3009 Ecclesiae
1132 2962 1496 3022 explicationes
1543 2965 1591 3006 et
1628 2961 1943 3008 definitiones
1995 2962 2254 3010 doctrinae

39 3036 291 3084 revelatae
327 3037 494 3083 locum
529 3037 684 3084 habet
714 3037 1094 3097 amplissimum.
1143 3035 1350 3095 ,Christi
1382 3052 1500 3083 vero
1525 3036 1768 3095 Ecclesia,
1807 3037 1983 3083 sedula
2019 3041 2068 3084 et
2105 3042 2255 3084 cauta

40 3109 380 3173 depositorum
418 3112 553 3173 apud
590 3128 641 3159 se
670 3112 961 3172 dogmatum
999 3116 1186 3171 custos,
1223 3112 1347 3158 nihil
1383 3112 1433 3157 in
1469 3111 1545 3158 his
1571 3127 1793 3174 unquam
1818 3116 2092 3173 permutat,
2129 3114 2255 3159 nihil

38 3186 245 3247 minuit,
296 3188 420 3234 nihil
471 3188 612 3235 addit
650 3225 660 3235 .
701 3225 710 3235 .
748 3226 757 3235 .
796 3188 885 3235 sed
937 3189 1073 3234 omni
1115 3189 1364 3235 industria
1411 3188 1505 3234 hoc
1543 3203 1696 3234 unum
1737 3189 1935 3247 studet,
1988 3192 2043 3235 ut
2079 3194 2253 3236 vetera

9 3260 252 3310 -fideliter
287 3265 643 3326 sapienterque
670 3265 950 3324 tractando,
990 3265 1030 3311 si
1066 3280 1167 3325 qua
1203 3269 1320 3311 sunt
1356 3265 1441 3311 illa
1471 3265 1752 3325 antiquitus
1788 3265 2061 3311 informata
2098 3270 2147 3312 et
2184 3267 2255 3312 in-

39 3337 231 3399 choata,
268 3344 472 3388 accuret
510 3345 559 3388 61
594 3342 769 3403 poliat,
808 3341 848 3387 si
884 3357 983 3402 qua
1018 3341 1117 3387 iam
1153 3341 1447 3388 confirmata
1483 3344 1533 3387 et
1569 3341 1789 3400 definita,
1827 3342 2098 3389 custodiat.
2156 3342 2252 3388 De-

38 3412 188 3475 nique
224 3415 344 3477 quid
380 3432 602 3478 unquam
641 3417 777 3463 aliud
804 3416 1143 3463 Conciliorum
1170 3417 1387 3463 decretis
1414 3417 1551 3463 enisa
1589 3421 1679 3476 est,
1717 3417 1812 3462 nisi
1838 3421 1894 3463 ut
1933 3417 2066 3478 quod
2103 3422 2252 3465 antea

39 3487 330 3548 simpliciter
367 3492 686 3552 credebatur,
723 3493 818 3539 hoc
853 3493 985 3539 idem
1021 3496 1198 3553 postea
1235 3492 1525 3553 diligentius
1563 3492 1879 3552 crederetur,
1930 3493 2064 3554 quod
2099 3497 2252 3540 antea

37 3559 222 3611 lentius
256 3566 664 3626 praedicabatur,
702 3567 798 3613 hoc
824 3567 954 3613 idem
981 3571 1158 3628 postea
1182 3568 1457 3614 instantius
1483 3567 1886 3628 praedicaretur:
1928 3568 2062 3627 quod
2099 3572 2251 3615 antea

39 3640 262 3687 securius
299 3641 575 3701 colebatur,
611 3643 706 3689 1106
741 3643 871 3690 idem
908 3646 1088 3703 postea
1124 3643 1389 3689 sollicitius
1427 3640 1802 3689 excoleretur?
1864 3643 1930 3700 (S.
1967 3642 2111 3690 Vinc.
2147 3644 2251 3692 Lir.

40 3711 295 3763 Common.
341 3733 389 3764 11.
428 3716 525 3776 23).
594 3719 654 3765 In
690 3719 798 3780 ipsa
832 3719 1069 3765 nimirum
1103 3718 1331 3766 Ecclesia
1381 3723 1429 3766 et
1476 3734 1565 3779 per
1601 3717 1881 3764 Ecclesiam
1916 3733 2017 3765 non
2053 3735 2255 3780 permu-

41 3790 161 3837 tatio
199 3791 464 3852 dogmatis,
500 3794 588 3840 sed
621 3795 882 3855 profectus
918 3795 968 3840 in
1003 3793 1341 3855 intelligentia
1376 3795 1534 3855 ipsius
1561 3794 1809 3854 dogmatis
1836 3794 2047 3840 revelati
2084 3795 2250 3841 locum

38 3862 204 3926 habet,
240 3871 298 3914 ut
334 3868 467 3929 quod
504 3869 668 3916 minus
707 3869 892 3916 diserte
928 3868 1009 3916 vel
1044 3871 1308 3917 obscurius
1334 3870 1646 3931 propositum
1675 3873 1798 3928 orat,
1835 3869 1916 3916 vel
1952 3869 2249 3930 implicitum
