2548 4290
251 169 495 211 Comment.
526 168 605 208 IV.
658 168 727 207 De
758 171 942 219 peccato
977 165 1240 207 defectionis
1275 179 1301 206 a
1330 166 1417 206 fide
1451 167 1519 207 vel
1552 166 1850 206 dubitationis
1884 165 1938 205 cle
1969 177 2033 205 ea.
2188 164 2249 214 61

38 319 126 367 tur
162 329 195 364 a
231 311 382 375 Dee,
439 313 642 379 quanta
681 309 747 360 sit
799 307 1015 359 divinae
1056 308 1293 359 iustitiae
1338 308 1625 372 severitaS‚
1669 298 2037 378 quantumque
2077 309 2256 360 Deum

0 455 2 458 ,
40 393 352 451 offendendi
393 394 622 457 crimen,
686 391 830 460 quod
869 396 1161 461 utrumque
1202 395 1349 443 certe
1391 391 1458 442 ad
1500 392 1762 443 ambitum
1803 393 2094 444 veritatum
2134 392 2258 443 reli-

38 480 306 551 giosarum
345 482 570 546 spectat.
648 473 821 526 Multo
862 475 1192 543 praeclarius
1233 480 1415 526 autem
1457 474 1670 526 divinae
1721 475 1960 527 iustitiae
2001 475 2258 527 maiestas

36 563 247 631 Deique
287 560 497 630 peceati
536 558 719 611 odium
761 558 965 609 diluvio
1019 558 1420 609 manifestatum
1471 562 1575 622 est,
1625 558 1667 608 si
1707 558 1880 624 DeuS,
1934 564 1992 610 ut
2032 559 2257 610 crimina

37 645 363 710 vindicaret,
422 659 490 694 ne
531 660 563 694 a
600 646 713 694 toto
756 642 973 711 quidem
1014 659 1216 709 genere
1267 642 1502 692 humano
1557 640 1791 693 delendo
1833 642 2154 694 abstinuerit
2194 659 2259 693 ac

37 746 234 783 novum
274 726 425 796 quasi
465 726 532 778 ab
574 726 680 778 alio
720 729 946 794 parente
986 726 1204 794 prodire
1245 725 1506 788 voluerit,
1549 742 1709 793 quam
1749 726 1792 776 si
1831 744 1994 777 unam
2035 729 2254 794 gentem

38 810 374 868 exstinxerit.
449 808 578 861 Alia
616 814 827 860 tantum
868 813 1089 877 propter
1129 808 1405 866 homineS,
1452 808 1506 858 in
1548 807 1741 876 quibus
1794 809 1920 859 solis
1960 808 2119 877 culpa
2159 813 2258 874 est⁷

38 896 208 960 delet,
248 899 308 946 ut
345 910 452 944 non
494 894 568 944 ita
607 897 823 961 pateat,
872 891 1142 960 quomodo
1183 892 1355 960 magis
1395 891 1654 942 iustitiam
1695 891 2071 943 manifestasse
2114 891 2255 942 dica-

36 985 138 1048 tur,
178 978 221 1030 si
259 977 568 1028 universam
608 976 771 1046 plane
813 981 1012 1027 terram
1053 975 1212 1026 undis
1252 974 1482 1026 involvit
1518 974 1805 1043 omniaque
1849 975 1962 1026 eius
2001 974 2258 1026 animalia

37 1061 324 1123 exstinxit,
372 1078 531 1129 quam
574 1060 616 1111 si
658 1076 777 1110 eam
817 1059 985 1110 solam
1026 1065 1202 1110 terrae
1243 1064 1453 1128 partem
1495 1059 1686 1127 poenis
1727 1058 1910 1126 petiit,
1965 1075 2124 1127 quam
2164 1059 2257 1110 ho-

35 1146 205 1199 mines
232 1143 556 1195 incolebant.
614 1141 901 1194 Caeterum
932 1142 1094 1193 etiam
1124 1142 1261 1193 hanc
1303 1142 1693 1210 quaestionem,
1738 1159 1875 1210 quae
1919 1147 1999 1193 est
2040 1141 2104 1193 de
2142 1145 2259 1192 tota

35 1234 179 1283 terra
229 1227 318 1279 vel
360 1227 473 1278 sola
521 1226 634 1277 eius
686 1230 866 1294 parte,
923 1225 1233 1294 religiosam
1287 1243 1395 1276 non
1447 1242 1561 1276 esse
1616 1225 1868 1294 equidem
1925 1224 2258 1276 contendere

37 1312 319 1367 noluerim.

790 1444 1343 1497 OOMMENTATIO
1386 1444 1485 1499 IV.

92 1559 214 1606 Sitne
253 1572 278 1603 a.
321 1558 500 1603 Concilio
544 1557 784 1613 definitum,
828 1573 909 1613 eos,
952 1559 1023 1616 qui
1065 1559 1184 1603 fidem
1230 1559 1305 1604 sub
1349 1559 1565 1604 Ecclesiae
1608 1559 1860 1617 magisterio
1905 1560 2182 1618 susceperint,

153 1633 241 1679 sine
271 1631 444 1689 peccato
486 1632 724 1677 formali
767 1632 939 1677 eandem
971 1633 1090 1677 fidem
1122 1632 1288 1678 mutare
1321 1634 1389 1678 vel
1421 1633 1463 1677 in
1496 1633 1666 1678 dubium
1697 1647 1849 1678 vocare
1882 1647 1962 1678 non
1993 1647 2127 1691 posse.

180 1744 245 1796 In
287 1743 462 1813 capite
512 1742 672 1794 tertio
714 1740 1128 1793 Constitutionis
1181 1741 1247 1793 de
1288 1741 1422 1807 fide,
1476 1749 1758 1811 postquam
1814 1743 2118 1811 expositum
2162 1746 2259 1806 est⁷

39 1846 175 1899 quae
215 1832 366 1879 tanta
406 1827 510 1877 sint
550 1825 903 1877 revelationis
932 1824 1258 1876 christianae
1286 1825 1339 1876 in
1368 1825 1616 1876 Ecclesia
1645 1825 1909 1877 catholica
1936 1825 2092 1894 signa
2120 1829 2257 1876 veri-

37 1912 188 1976 tatis,
246 1915 408 1979 atque
449 1927 586 1978 quae
628 1909 697 1960 sit
736 1908 943 1977 gratiae
1000 1908 1216 1959 divinae
1260 1909 1365 1974 viS‚
1420 1926 1524 1977 qua
1576 1909 1820 1961 homines
1860 1909 1927 1960 ad
1968 1909 2256 1960 veritatem

39 1993 437 2066 agnoscendam
477 1993 743 2045 ducantur
784 1997 852 2055 et,
894 1997 953 2043 ut
989 1992 1043 2042 in
1073 1992 1257 2061 agnita
1283 1998 1653 2061 perseverent,
1696 1993 2098 2057 confirmentur,
2140 2010 2260 2062 per-

39 2079 219 2148 gitur:
284 2077 583 2142 „Quocirca
632 2076 853 2127 minime
904 2094 1002 2145 par
1054 2082 1134 2127 est
1186 2076 1422 2128 conditio
1465 2094 1679 2142 eorum,
1737 2077 1825 2145 qui
1880 2094 1976 2144 per
2029 2076 2263 2128 coeleste

38 2162 162 2214 fidei
203 2161 401 2212 donum
444 2159 740 2211 catholicae
781 2159 998 2210 veritati
1036 2159 1427 2224 adhaeserunt,
1482 2165 1643 2227 atque
1700 2178 1920 2223 eorum,
1981 2160 2070 2228 qui
2112 2160 2258 2211 ducti

41 2245 384 2315 opinionibus
424 2243 672 2295 humanis
712 2242 903 2295 falsam
945 2243 1266 2311 religionem
1307 2248 1605 2301 sectantur;
1660 2243 1736 2294 illi
1776 2244 1936 2307 enim,
1976 2246 2067 2312 qni
2093 2243 2258 2310 fidem

37 2329 128 2382 sub
166 2329 412 2380 Ecclesiae
452 2328 739 2395 maqisterz'o
764 2331 1102 2394 susceperunt,
1142 2327 1337 2377 nullam
1372 2343 1595 2395 unquam
1625 2326 1805 2378 habere
1824 2332 2034 2394 possunt
2073 2328 2255 2378 iustam

39 2429 245 2466 causam
286 2410 552 2475 mutandi,
599 2415 690 2461 aut
728 2411 783 2460 in
824 2410 1034 2461 dubium
1088 2410 1241 2476 fidem
1285 2411 1495 2461 eandem.
1548 2411 1864 2462 revoeamleffl
1948 2410 2135 2462 Canon
2177 2428 2258 2462 re-

40 2496 311 2566 spondens
351 2495 435 2545 hic
476 2501 582 2546 est:
641 2493 724 2559 „S.
769 2511 817 2562 q.
861 2494 936 2558 d.,
993 2510 1176 2562 parem
1232 2512 1346 2545 esse
1400 2493 1762 2546 conditionem
1814 2493 2053 2545 fidelium
2095 2499 2259 2562 atque

41 2597 255 2643 eorum⁷
307 2578 396 2646 qui
454 2576 521 2628 ad
571 2576 730 2628 fidem
781 2577 938 2628 unice
990 2595 1170 2628 veram
1226 2577 1465 2628 nondum
1518 2584 1911 2645 pervenerunt,
1965 2577 2037 2628 ita
2089 2583 2144 2629 ut
2182 2595 2261 2629 cct-

40 2663 207 2715 tholici
257 2663 444 2721 iustam
501 2677 709 2711 causam
761 2660 940 2711 habere
981 2661 1201 2728 possint,
1247 2661 1408 2727 fidem
1432 2702 1444 2725 ‚
1499 2678 1654 2729 quam
1709 2660 1801 2711 sub
1851 2660 2097 2711 Ecclesiae
2154 2679 2259 2711 ‘ma-

34 2747 235 2815 yisterio
287 2746 390 2795 iam
446 2749 795 2811 susceperunt,
858 2760 1064 2794 assensu
1116 2760 1354 2811 suspenso
1408 2745 1462 2794 r2‘72
1516 2744 1729 2795 dubium
1783 2743 2022 2809 vocandi,
2088 2743 2260 2795 donec

41 2828 556 2882 demonstrationem
596 2826 944 2878 scientificam
988 2827 1361 2878 credibilitatis
1398 2833 1450 2878 ct
1478 2827 1717 2878 veritatis
1758 2826 1880 2878 fidei
1912 2844 2040 2877 suae
2083 2827 2256 2879 absol-

42 2912 231 2978 verint,
270 2929 317 2962 a.
359 2912 430 2961 s“

186 2995 358 3056 Quam
401 2993 617 3063 quidem
659 2993 1027 3045 definitionem
1080 2995 1245 3062 aliqui
1296 2994 1537 3062 theologi
1589 2995 1662 3044 ita
1703 2994 2168 3063 explicaverunt„
2201 3000 2259 3044 ut

44 3078 302 3143 dicerent,
344 3095 407 3130 ea
448 3076 730 3128 definitum
772 3094 905 3141 esse,
946 3077 1062 3128 fieri
1090 3095 1196 3128 non
1238 3095 1410 3145 posse,
1447 3083 1506 3127 ut
1547 3077 1706 3128 homo
1737 3077 2034 3128 catholicus
2075 3094 2258 3128 errore

41 3162 340 3215 invincibili
381 3166 433 3213 et
472 3161 585 3212 sine
626 3166 850 3228 peccato
880 3160 1182 3228 formaliter
1221 3162 1501 3213 commisso
1540 3160 1701 3212 fidem
1742 3161 1795 3211 in
1838 3160 2061 3211 dubium
2103 3168 2259 3212 vocet

9 3247 130 3298 ,vel
172 3246 402 3298 deserat.
480 3245 685 3295 Putant
734 3244 926 3312 igitur,
981 3245 1218 3308 definiri,
1277 3263 1381 3296 non
1436 3245 1609 3295 solum
1659 3245 1881 3296 oblectere
1920 3263 2027 3296 non
2066 3244 2258 3296 adesse

25 3346 227 3381 ¹veram
268 3333 320 3380 et
357 3328 551 3379 iustam
594 3344 826 3390 causam,
869 3326 961 3378 sed
1003 3345 1070 3378 ne
1110 3328 1273 3378 talem
1304 3328 1522 3396 quidem
1563 3329 1785 3380 rationis
1813 3328 2045 3396 speciem
2089 3328 2258 3379 menti

45 3411 274 3464 hominis
330 3411 579 3462 catholici
631 3428 685 3462 se
743 3410 938 3462 offerre
991 3428 1184 3479 posse,
1242 3428 1346 3479 qua
1401 3411 1661 3479 deceptus
1720 3429 1902 3462 errore
1957 3410 2257 3461 invincibili

44 3499 214 3564 putet,
253 3494 359 3545 iam
399 3498 545 3545 recte
587 3511 642 3545 se
685 3493 750 3544 de
791 3492 895 3544 fide
939 3492 1185 3545 dubitare
1228 3494 1314 3545 vel
1357 3512 1475 3545 eam
1518 3493 1818 3545 deserere¹.

192 3667 205 3693 ¹
242 3668 301 3713 Id
350 3668 638 3726 nuperrime
696 3669 956 3715 contendit
1009 3669 1246 3729 Aloysius
1301 3669 1532 3729 Schmid,
1585 3670 2079 3716 Erkenntnisslehre.
2151 3670 2259 3716 Fri-

46 3742 193 3805 burgi
229 3743 418 3804 Brisg.‚
455 3744 667 3803 Herder‚
710 3747 848 3792 1890.
898 3745 952 3791 Τ.
992 3745 1030 3804 Ι,
1069 3762 1115 3805 p.
1153 3747 1229 3792 99.
1268 3771 1327 3776 —
1366 3746 1464 3792 [os.
1502 3745 1755 3806 Kleutgen
1794 3745 1840 3791 S.
1878 3746 1947 3804 1.‚
1995 3746 2110 3793 lieet
2148 3761 2259 3793 een-

48 3823 181 3878 seat,
228 3820 477 3865 hominem
517 3820 815 3866 catholicum
866 3822 971 3867 sine
1008 3820 1156 3881 culpa
1194 3837 1222 3867 a
1257 3822 1471 3867 veritate
1520 3821 1732 3867 deficere
1768 3836 1866 3867 non
1904 3836 2077 3882 posse,
2128 3821 2258 3869 Con-

48 3894 213 3941 cilium
250 3895 550 3941 Vaticanum
604 3896 725 3942 citat
772 3896 854 3943 ille
905 3897 1132 3957 quidem,
1184 3913 1282 3943 non
1322 3901 1488 3943 tamen
1529 3897 1673 3954 dicit,
1726 3898 1786 3944 ab
1841 3911 1898 3943 eo
1937 3898 2257 3958 sententiam,
