2548 4290
223 88 330 141 110
648 89 762 130 Pars
795 88 854 129 11.
912 86 1068 130 Const.
1104 86 1160 129 de
1192 86 1414 129 Ecclesia.
1482 85 1594 141 Cap.
1626 87 1662 128 Ι.
1720 87 1834 128 Eius
1867 88 2074 129 historia.

375 236 604 303 „Patres
644 235 814 306 igitur
857 235 1207 289 definiendae
1248 234 1662 288 infallibilitatis
1702 233 1960 300 studiosi,
2017 251 2186 305 quum
2226 252 2337 288 non
2377 234 2494 290 sine

218 322 380 392 gravi
432 320 810 374 sanctissimae
865 339 1063 375 causae
1117 321 1365 393 periculo
1419 338 1535 374 rem
1590 320 1795 373 diutius
1849 320 2056 373 differri
2103 337 2263 391 posse
2307 337 2497 375 cerne-

221 412 375 474 rent,
431 405 621 459 habita
662 405 1100 474 deliberatione,
1143 407 1440 461 nonnullos
1481 406 1551 459 ad
1594 405 1947 459 Cardinalem
1990 404 2057 458 de
2100 405 2334 476 Angelis
2375 405 2496 459 mit·

221 490 417 544 tendos
459 490 856 561 decreverunt,
913 493 1006 563 qui
1048 493 1099 546 ei
1142 492 1432 558 damnum,
1482 490 1631 561 quod
1672 491 1989 544 immineret
2029 489 2345 559 Ecclesiae,
2402 508 2497 543 ex-

222 581 510 645 ponerent.
562 576 670 638 Qui
712 594 785 631 ex
827 578 1104 648 colloquio
1147 595 1272 630 cum
1312 577 1407 630 illo
1449 576 1638 630 habito
1673 577 1785 644 (18.
1821 576 2054 647 Aprilis)
2097 581 2498 647 cognoverunt,

221 660 516 714 Praesides
556 663 620 715 iis
661 664 838 733 magis
867 663 1073 731 favere,
1116 665 1209 735 qui
1252 663 1651 717 discussionem
1692 662 2104 715 infallibilitatis
2134 661 2346 715 differri
2385 661 2499 715 vel-

221 747 355 801 lent.
434 746 619 809 Quare
662 749 798 801 nihil
849 749 959 802 iam
1001 750 1278 819 reliquum
1319 754 1465 816 erat,
1525 748 1629 801 nisi
1670 754 1730 801 ut
1770 766 1827 802 se
1870 748 1941 802 ad
1982 748 2270 802 Summum
2309 746 2500 800 Ponti-
2539 812 2547 816 ἑ

222 833 382 886 ficem
424 839 815 887 converterent
856 840 1039 906 atque,
1081 835 1229 888 facta
1268 835 1485 888 sincera
1512 835 1782 888 relatione
1811 834 1878 888 de
1907 839 2053 889 statu
2088 852 2291 901 rerum,
2334 833 2500 887 enixe

222 919 557 989 flagitarent,
600 938 669 973 ne
713 919 1040 975 Cardinales
1082 921 1378 974 Praesides
1420 921 1475 973 in
1516 921 1619 974 hac
1660 938 1719 973 re
1760 920 2087 991 gravissima
2129 920 2333 973 diutius
2375 936 2502 972 con·

222 1004 494 1059 niverent.
547 1005 828 1075 Sequente
871 1007 1042 1077 igitur
1084 1006 1172 1060 die
1215 1008 1325 1075 (19.
1355 1006 1589 1078 Aprilis)
1633 1024 1795 1059 mane
1835 1011 1963 1059 ante
1994 994 2503 1077 Oongregatione'm

223 1091 545 1161 generalem
588 1110 782 1145 eorum
823 1093 994 1164 aliqui
1035 1094 1089 1148 S.
1132 1094 1360 1147 Patrem
1401 1093 1677 1161 adierunt,
1727 1093 1819 1164 qui
1861 1094 1926 1146 iis
1966 1092 2210 1164 benigne
2253 1091 2504 1163 exceptis

225 1176 493 1246 promisit,
535 1176 590 1229 id
632 1195 690 1231 se
734 1178 1024 1247 facturum,
1067 1179 1215 1250 quod
1258 1196 1566 1249 congruum
1608 1178 1910 1232 videretur.
1967 1178 2078 1232 Sed
2121 1220 2132 1231 .
2177 1219 2188 1231 .
2231 1221 2242 1232 .
2284 1178 2341 1230 in
2378 1195 2504 1231 con·

224 1262 552 1331 gregatione
593 1264 915 1333 particulari
960 1263 1013 1333 [i.
1059 1282 1104 1318 e.
1149 1265 1205 1317 in
1247 1265 1609 1336 deputatione
1653 1264 1720 1317 de
1762 1263 1893 1333 fide]
1939 1264 2106 1317 etiam
2144 1261 2503 1333 sequentibus

222 1346 418 1399 diebus
462 1348 615 1401 nulla
657 1349 802 1402 facta
844 1356 926 1404 est
969 1351 1175 1404 mentio
1218 1350 1514 1404 schematis
1557 1350 1624 1404 de
1667 1350 1919 1404 Romano
1960 1349 2251 1403 Pontifice.
2320 1348 2501 1410 Quare

224 1432 397 1503 aliqui
438 1450 509 1486 ex
550 1434 808 1487 Patribus
848 1435 900 1489 d.
943 1438 1030 1491 22.
1074 1437 1285 1508 Aprilis
1337 1454 1570 1507 vespere
1628 1441 1906 1489 conventu
1962 1436 2177 1507 privato
2228 1435 2284 1487 in
2341 1433 2503 1487 domo

226 1517 491 1590 Episcopi
533 1520 987 1575 Carcassonensis
1028 1522 1246 1589 habito,
1302 1523 1355 1576 S.
1398 1522 1554 1575 Patri
1607 1522 1936 1593 petitionem
1989 1520 2260 1575 exhibere
2301 1525 2505 1573 statue-

226 1610 383 1671 runt,
435 1611 495 1658 ut
535 1606 934 1661 discussionem
987 1609 1136 1662 illius
1188 1609 1484 1662 schematis
1539 1608 1711 1678 incipi
1752 1608 1985 1661 iuberet.
2066 1606 2246 1669 Quam
2287 1605 2504 1678 petiti)-

229 1708 355 1743 nem
388 1690 421 1758 ¹,
464 1692 551 1744 cui
580 1698 803 1745 centum
846 1699 901 1747 et
942 1694 1347 1765 quinquaginta
1375 1694 1561 1746 statim
1587 1693 2047 1763 subscripserant,
2090 1692 2142 1746 d.
2178 1693 2266 1745 23.
2297 1690 2506 1762 Aprilis

228 1793 326 1845 per
365 1781 477 1830 tres
504 1777 809 1849 Episcopos
840 1779 1066 1833 Summo
1098 1780 1356 1834 Pontifici
1397 1779 1737 1833 obtulerunt.
1789 1779 2000 1833 Eorum
2042 1778 2182 1832 votis
2220 1776 2507 1848 respondit

225 1868 476 1915 eventus.
555 1864 699 1917 Nam
752 1866 804 1919 d.
849 1868 936 1918 27.
979 1866 1191 1938 Aprilis
1245 1866 1384 1919 feria
1425 1865 1526 1918 IV.
1581 1870 1705 1936 post
1746 1865 2100 1918 Dominicam
2153 1865 2208 1917 in
2250 1863 2410 1917 Albis
2450 1865 2507 1915 in

225 1948 470 2001 sessione
518 1948 894 2020 deputationis
937 1952 1004 2004 de
1056 1952 1221 2005 rebus
1262 1952 1390 2005 fidei
1447 1951 1864 2023 proponebatur
1907 1950 2240 2004 Constitutio
2290 1948 2356 2002 de
2398 1948 2508 2002 R«)-

232 2052 391 2087 mano
430 2034 717 2103 Pontifice,
761 2055 902 2108 quae
943 2038 1112 2092 sessio
1156 2038 1317 2091 huius
1360 2038 1737 2109 deputationis
1780 2045 1897 2091 erat
1938 2037 2216 2090 tricesima
2256 2034 2504 2106 quarta.“

378 2120 444 2173 In
487 2139 552 2174 ea
593 2123 836 2177 sessione
877 2143 1019 2177 unus
1062 2143 1090 2178 9
1133 2124 1410 2195 theologis
1456 2124 1523 2178 de
1566 2123 2138 2177 animadversionibus
2177 2121 2388 2175 referre
2430 2121 2510 2173 ill-

229 2206 392 2276 cepit,
435 2225 569 2277 quas
598 2209 794 2263 Patres
835 2211 891 2263 in
934 2217 1100 2282 caput
1140 2212 1498 2264 undecimum
1542 2211 1609 2264 (19
1638 2210 1889 2263 Ecclesia
1929 2209 2021 2276 (de
2065 2209 2291 2262 Summo
2322 2208 2511 2261 Ponti-

232 2291 354 2358 fice)
399 2302 452 2345 et
505 2294 559 2345 in
605 2312 843 2349 canones
897 2298 1298 2368 respondentes
1351 2298 1584 2367 scriptas
1626 2296 1937 2349 Secretario
1982 2294 2217 2348 Concilii
2269 2292 2512 2346 tradide-

231 2382 355 2429 rant
375 2375 411 2445 2,
456 2383 510 2431 et
553 2379 687 2433 duas
718 2383 1072 2452 quaestiones
1103 2385 1417 2454 proposuit:
1466 2383 1509 2433 1.
1552 2381 1701 2434 Num
1741 2381 2037 2451 singularis
2067 2379 2401 2433 Constitutio
2444 2377 2511 2431 de

231 2462 486 2516 Romano
530 2465 802 2520 Pontifice
846 2468 1190 2522 conficienda
1232 2474 1407 2537 esset,
1466 2485 1606 2537 quae
1646 2485 1718 2520 ex
1771 2467 1951 2537 capite
1993 2465 2288 2518 undecimo
2330 2469 2386 2517 et
2427 2481 2514 2517 cz.-

233 2550 346 2618 pite
391 2550 458 2603 de
501 2551 900 2607 infallibilitate
944 2554 993 2608 ei
1035 2554 1223 2608 addito
1269 2559 1572 2620 constaret3
1617 2555 1666 2605 2.
1709 2571 1860 2619 num,
1903 2553 1947 2605 si
1976 2552 2031 2604 id
2076 2553 2335 2622 placeret,
2378 2550 2514 2603 haec

233 2633 568 2689 Constitutio
611 2638 667 2690 in
709 2644 946 2709 quatuor
989 2640 1173 2712 capita
1215 2647 1359 2693 esset
1402 2638 1732 2692 dividenda:
1776 2638 1842 2691 de
1885 2638 2251 2703 institutione,
2295 2636 2363 2689 (19
2393 2653 2515 2706 pel-

235 2721 523 2791 petuitate,
566 2723 634 2776 de
677 2730 874 2778 natura
915 2744 1012 2779 seu
1055 2731 1332 2797 potestate
1374 2726 1683 2793 PrimatuS,
1728 2723 1795 2777 de
1838 2723 2237 2776 infallibilitate
2275 2720 2514 2774 Romani

234 2806 537 2862 PontificiS.
619 2808 972 2881 Responsum
1015 2817 1097 2864 est
1137 2830 1169 2865 a
1210 2811 1507 2878 Praeside,
1561 2810 1629 2863 de
1671 2810 1842 2881 priori
1885 2809 2209 2880 quaestione
2251 2806 2516 2876 suffragii>

233 2891 342 2943 iam
386 2891 518 2945 ferri
559 2912 670 2946 non
712 2914 889 2966 posse,
933 2915 1101 2967 quum
1143 2916 1175 2951 a
1215 2896 1573 2950 Praesidibus
1616 2895 2127 2965 Congregationum
2169 2892 2514 2963 generalium

236 2976 483 3030 decisum
525 2979 634 3032 iam
676 2982 761 3048 sit,
802 2988 863 3034 ut
904 2983 1200 3053 singularis
1242 2983 1577 3036 Constitutio
1622 2982 1759 3033 haec
1808 2984 2168 3050 proponatur.
2248 2977 2339 3031 Ad
2381 2977 2516 3029 alte-

236 3080 353 3115 ram
397 3066 777 3134 quaestionem
831 3069 999 3139 longe
1041 3071 1216 3123 maior
1269 3087 1396 3140 pars
1449 3066 1737 3139 respondit
1791 3065 2153 3131 affirmative,
2215 3080 2514 3133 omnesque

238 3149 332 3200 uni
375 3167 404 3202 e
448 3150 726 3221 deputatis
769 3154 1234 3222 assentiebantur,
1278 3154 1629 3225 proponenti,
1671 3158 1732 3205 ut
1772 3152 1909 3205 haec
1952 3150 2284 3203 Constitutio
2326 3148 2515 3201 inscri-

240 3233 463 3287 beretur
509 3237 720 3307 „prima
772 3238 839 3292 de
881 3239 1165 3293 Ecclesia“
1190 3238 1227 3294 3.
1307 3239 1542 3292 Reversi
1596 3238 1766 3309 igitur
1820 3241 1948 3289 sunt
1988 3236 2187 3289 Patres
2239 3235 2308 3288 ad
2360 3233 2515 3300 illud,

236 3319 387 3389 quod
428 3323 737 3377 commissio
781 3324 1094 3395 dogmatica
1136 3331 1264 3379 ante
1306 3325 1531 3378 schema
1560 3322 1981 3377 Constitutionis
2011 3321 2078 3374 de
2107 3320 2355 3373 Ecclesia
2389 3336 2515 3372 con-

236 3406 503 3476 scriptum
545 3408 762 3477 inierat,
806 3411 1112 3464 consilium.
1195 3410 1376 3481 Caput
1417 3410 1565 3463 enim
1607 3408 1675 3462 de
1717 3408 1970 3460 Romano
2014 3406 2314 3473 Pontifice,
2369 3404 2514 3475 quot.

239 3490 366 3543 huic
408 3492 676 3545 schemati
719 3500 981 3565 tanquam
1011 3496 1366 3549 undecimum
1396 3496 1663 3549 insertum
1703 3500 1800 3556 est,
1844 3493 1994 3563 prius
2029 3492 2370 3563 propositum
2398 3507 2516 3544 erar

240 3582 504 3647 tanquam
546 3580 770 3633 schema
822 3582 1118 3652 singularis
1160 3581 1584 3635 Constitutionis
1637 3580 1705 3633 de
1747 3579 2000 3632 Romano
2044 3578 2315 3631 Pontifice
2335 3576 2371 3628 ⁴.
2450 3575 2504 3628 It

241 3679 307 3713 eo
351 3669 535 3716 tamen
580 3664 832 3718 doctrina
873 3667 939 3719 de
972 3667 1182 3720 Summi
1213 3667 1500 3720 Pontificis
1540 3665 1942 3718 infallibilitate
1973 3682 2082 3717 non
2111 3661 2508 3716 continebatur.

398 3851 409 3877 ¹
450 3852 718 3901 Postulata
761 3860 859 3902 etc.
932 3853 985 3902 C.
1028 3854 1087 3902 V.
1127 3854 1270 3902 9771)
1310 3869 1420 3916 sqq.
1605 3850 1620 3878 ²
1660 3849 1738 3898 Of.
1779 3864 1935 3912 supra
1971 3865 2019 3911 p.
2063 3850 2173 3897 107.

393 3927 409 3954 ³
449 3929 526 3976 Ex
565 3931 695 3978 actis
735 3936 829 3979 etc.
869 3931 924 3980 C.
963 3932 1028 3981 V.
1073 3934 1240 3980 16789
1280 3946 1390 3993 sqq.
1573 3928 1593 3956 4
1630 3928 1845 3976 Schema
1883 3931 1980 3975 etc.
2053 3924 2108 3975 O.
2145 3925 2206 3973 V.
2246 3926 2398 3972 6110.
