2548 4290
188 140 295 192 212
379 141 494 183 Pars
517 140 577 182 ΙΙ.
622 139 779 183 Const.
813 139 869 182 de
899 139 1027 182 Eccl.
1083 139 1196 195 Cap.
1220 140 1305 182 ΠΙ.
1347 140 1458 195 Ipsa
1492 137 1774 181 Constitutio
1806 151 1908 181 cum
1944 138 2334 183 adnotationibus.

188 286 572 340 fortitudinem
613 291 905 339 aeternum
946 290 1332 340 exstrueretur
1372 286 1661 357 templum,
1704 290 1760 339 et
1798 284 2086 340 Ecclesiae
2130 287 2283 342 coelo
2324 287 2466 343 infe-

186 373 360 426 renda
411 371 719 425 sublimitas
769 372 827 424 in
867 372 1030 425 huius
1067 371 1198 426 fidei
1255 371 1517 425 firmitate
1559 376 1923 442 consurgeret
1942 371 2010 440 a).
2088 372 2162 426 Et
2204 374 2464 444 quoniam

185 463 379 530 portae
435 457 602 510 inferi
656 457 726 511 ad
782 458 1177 526 evertendam,
1234 458 1280 511 si
1319 457 1439 511 fieri
1479 461 1693 527 posset,
1746 457 2059 512 Ecclesiam
2112 464 2306 512 contra
2347 459 2469 513 eius

186 542 612 595 fundamentum
667 540 931 595 divinitus
972 543 1212 613 positum
1265 540 1503 595 maiori1
1554 542 1612 594 in
1661 542 1779 596 dies
1821 542 1950 596 odio
1991 542 2237 614 undique
2288 544 2463 597 insur-

331 698 382 758 a)
421 699 469 747 S.
506 699 613 747 Leo
651 699 718 747 M.
756 715 907 748 serm.
945 698 1036 747 IV.
1076 698 1162 758 (al.
1200 697 1324 758 III.)
1364 714 1475 759 cap.
1513 700 1558 745 2.
1597 699 1650 746 in
1686 698 1820 746 diem
1858 698 2062 748 Natalis
2101 700 2195 748 sui.
2269 698 2469 764 [Migne

183 777 240 825 P.
277 777 336 825 L.
373 777 513 838 LIV,
556 776 686 837 150]

182 940 285 972 vox
322 913 516 984 centri,
546 925 670 972 item
709 940 801 972 cur
837 929 979 974 recte
1018 925 1222 973 dicatur
1269 925 1457 973 visibile
1479 925 1898 987 fundamentum,
1946 942 1993 975 v.
2031 941 2190 988 supra
2238 942 2349 990 cap.
2388 927 2464 975 ΙΙ,

184 1007 457 1051 comment.
496 1002 537 1050 Ι.
576 1019 623 1065 p.
667 1004 757 1050 125
796 1019 906 1066 sqq.

334 1080 349 1107 ¹
389 1080 536 1128 Unus
577 1095 640 1127 ex
678 1080 925 1129 Patribus
961 1082 1012 1128 in
1052 1080 1472 1143 Congregatione
1508 1081 1741 1144 generali
1787 1081 1901 1129 loco
1946 1082 2158 1143 „maiori
2241 1081 2341 1131 dici
2375 1097 2464 1131 vo-·

181 1158 279 1206 luit
321 1155 660 1220 „constanti“.
732 1158 1160 1218 (Emendationes
1199 1162 1297 1207 etc.
1371 1158 1426 1208 O.
1464 1159 1525 1207 V.
1565 1161 1660 1207 303
1678 1157 1745 1218 d.)
1821 1159 2052 1221 „Auctor
2104 1160 2256 1209 istius
2294 1175 2470 1209 emen·-

182 1234 458 1295 dationis“,
506 1238 676 1300 inquit
713 1238 957 1301 Archiep.
995 1238 1198 1300 Leahy,
1252 1238 1448 1286 relator
1487 1238 1835 1301 deputationis
1873 1237 2100 1298 (Relatio
2139 1242 2235 1287 etc.
2307 1237 2363 1288 O.
2399 1238 2456 1286 V.

182 1316 325 1364 308d
363 1314 527 1378 sqq.),
586 1320 772 1379 „negat
807 1316 1108 1364 historicam
1161 1316 1436 1365 veritatem
1474 1316 1775 1364 assertionis
1827 1316 1879 1364 in
1932 1317 2219 1378 schemate,
2278 1332 2458 1380 nempe

180 1394 335 1442 huius
373 1394 694 1454 assertionis,
733 1395 871 1457 quod
908 1397 1092 1458 portae
1128 1394 1282 1442 inferi
1319 1394 1502 1442 maiori
1539 1394 1591 1441 in
1618 1394 1727 1443 dies
1754 1394 1871 1442 odio
1909 1394 2190 1457 insurgunt
2215 1395 2459 1444 adversus

179 1472 576 1521 fundamentum
604 1472 869 1521 Ecclesiae
907 1476 958 1521 et
996 1473 1245 1521 adversus
1283 1473 1447 1535 ipsam
1473 1472 1778 1534 Ecclesiam,
1816 1476 1923 1521 tum
1965 1473 2135 1535 quoad
2170 1472 2461 1522 haereticos

181 1555 291 1599 tum
346 1552 518 1616 quoad
572 1552 872 1600 catholicos.
943 1551 1208 1599 Haeretici
1261 1555 1313 1599 et
1362 1552 1675 1600 schismatici
1726 1567 1990 1614 nunquam
2042 1556 2192 1600 erant
2227 1551 2461 1600 mitiores

183 1645 337 1692 quam
385 1646 551 1690 nunc3
602 1629 847 1678 catholici
893 1645 1161 1692 nunquam
1215 1620 1379 1692 magis
1418 1630 1593 1678 devoti
1631 1645 1755 1692 erga
1792 1629 2035 1678 Sanctam
2072 1629 2283 1689 Sedem3
2331 1634 2384 1677 et
2420 1630 2462 1677 si

183 1709 271 1771 qui
309 1709 551 1756 catholici
588 1709 987 1756 insurrexerunt
1026 1712 1077 1756 et
1114 1709 1392 1770 insurgunt
1419 1713 1602 1757 contra
1626 1709 1965 1772 temporalem
1990 1712 2304 1771 potestatem
2328 1708 2465 1756 Pon·

179 1786 348 1846 tificis,
385 1786 571 1833 horum
609 1788 826 1833 conatus
865 1790 985 1834 sunt
1021 1801 1162 1834 mere
1198 1786 1411 1849 politici.
1483 1787 1567 1835 Ita
1604 1786 1729 1835 dicit
1765 1788 1908 1834 rffius
1948 1786 2265 1835 emendator.

332 1865 462 1925 „Sed
499 1881 627 1927 paco
664 1865 760 1912 rffii
799 1865 1148 1913 emendatoris
1183 1866 1402 1914 assertio
1439 1866 1492 1913 in
1531 1866 1795 1913 schemate
1834 1870 1885 1914 et
1919 1865 2168 1914 historice
2204 1881 2328 1914 vera
2366 1868 2465 1926 est,

181 1948 231 1992 et
269 1944 427 1992 eheu!
475 1944 625 1990 nimis
662 1958 799 1990 vera.
874 1942 1056 1999 Quoad
1093 1944 1386 1992 haereticos
1424 1947 1475 1992 et
1511 1943 1884 2002 schismaticos,
1925 1944 2157 2006 quamvis
2198 1943 2461 1991 mitiorum

181 2028 469 2086 temporum
511 2022 716 2085 spiritui
766 2022 1009 2070 cedentes
1057 2038 1161 2070 non
1210 2023 1317 2070 sint
1364 2026 1471 2070 tam
1507 2022 1724 2070 violenti
1778 2037 1930 2084 quam
1970 2021 2294 2084 temporibus
2332 2022 2465 2070 anti-

182 2101 319 2164 quis,
373 2104 549 2148 tamen
587 2100 759 2148 odium
799 2099 1088 2162 antiquum,
1129 2100 1171 2147 si
1208 2115 1309 2147 non
1347 2100 1531 2160 maius,
1572 2104 1712 2148 certe
1747 2115 1852 2147 non
1888 2100 2059 2148 minus
2097 2099 2267 2147 adhuc
2304 2099 2463 2147 mani-

178 2180 402 2238 festant;
443 2183 494 2226 et
530 2178 881 2226 manifestatio
920 2178 1024 2226 odii
1059 2179 1273 2239 horum,
1325 2178 1366 2225 si
1404 2182 1580 2226 careat
1615 2178 1777 2238 priori
1812 2178 2088 2239 violentia,
2139 2178 2372 2226 abundat
2411 2182 2467 2226 et

182 2257 572 2320 superabundat
614 2256 666 2303 in
715 2256 948 2305 subdolis
998 2257 1199 2304 artibus
1248 2256 1451 2319 antiqui
1501 2256 1774 2318 serpentis,
1846 2256 2111 2317 Secundo,
2161 2256 2204 2303 si
2252 2256 2465 2318 quando

179 2340 363 2399 portae
399 2336 555 2384 inferi
591 2336 836 2384 videntur
873 2335 938 2383 ad
975 2339 1179 2399 tempus
1216 2336 1521 2398 praevalere
1561 2336 1811 2386 adversus
1849 2335 2246 2383 fundamentum
2285 2334 2464 2384 Eccle-

182 2417 313 2475 siae,
367 2429 539 2462 nonne
578 2414 752 2462 statim
802 2415 1053 2463 haeretici
1090 2415 1441 2476 triumphant,
1490 2430 1662 2462 nonne
1700 2415 1875 2463 statim
1913 2415 2152 2463 manibus
2188 2415 2465 2477 plaudunt,

179 2510 352 2541 nonne
379 2493 554 2541 statim
592 2493 886 2541 clamitant:
925 2493 1143 2555 Cecidit,
1182 2494 1384 2553 cecidit,
1424 2509 1612 2556 magna
1647 2493 1735 2541 illa
1761 2493 2013 2556 Babylon,
2050 2508 2235 2555 nempe
2260 2493 2465 2542 Roma?

181 2572 446 2635 Quidquid
496 2571 633 2619 dicat
681 2574 823 2619 rffius
873 2572 1205 2633 emendator,
1265 2573 1498 2620 haeresis
1548 2576 1626 2620 est
1677 2588 1881 2635 semper
1928 2572 2188 2634 haeresiS,
2249 2572 2466 2635 spiritus

179 2650 411 2697 haeresis
451 2652 529 2697 est
567 2665 770 2712 semper
804 2650 969 2710 idem,
1022 2655 1073 2698 et
1121 2650 1334 2713 spiritus
1370 2651 1602 2699 haeresis
1652 2655 1730 2699 est
1780 2650 1993 2712 spiritus
2034 2650 2339 2698 hostilitatis
2377 2650 2468 2699 ad-

178 2744 362 2776 versus
411 2727 677 2775 Summum
722 2728 1027 2776 Pontificem
1077 2732 1128 2777 et
1177 2730 1427 2777 adversus
1476 2729 1762 2777 Ecclesiam
1815 2729 2144 2778 catholicam.
2214 2729 2464 2777 Haeresis

181 2806 406 2868 deponet
443 2806 650 2868 odium,
704 2807 911 2869 quando
960 2807 1238 2869 leopardus
1288 2808 1511 2871 deponet
1559 2807 1824 2869 maculas3
1875 2807 2107 2855 haeresis
2154 2807 2465 2868 mutabitur,

182 2884 390 2946 quando
428 2882 685 2946 Aethiops
723 2884 949 2933 mutabit
985 2885 1188 2948 pellem,
1230 2888 1281 2932 et
1318 2900 1384 2932 ex
1418 2885 1568 2947 nigro
1606 2885 1694 2933 fiet
1733 2885 1899 2934 albus,

331 2961 429 3023 „Et
456 2962 627 3024 quoad
655 2962 956 3023 catholicos,
993 2978 1258 3025 nunquam
1287 2967 1436 3011 erant
1461 2963 1683 3011 Sanctae
1710 2962 1829 3011 Sedi
1865 2963 2028 3025 magis
2056 2963 2283 3011 devincti
2310 2978 2464 3026 quam

178 3039 231 3086 in
268 3039 700 3101 praesentiarum,
738 3056 1004 3103 nunquam
1041 3041 1290 3088 maiorem
1317 3056 1561 3102 amorem,
1598 3042 1847 3089 maiorem
1871 3041 2081 3089 filialem
2117 3041 2462 3088 reverentiam

181 3118 531 3165 exhibuerunt
569 3133 693 3180 erga
719 3117 1112 3166 Sanctissimum
1137 3118 1374 3167 Patrem:
1412 3119 1508 3167 hoc
1550 3124 1628 3167 est
1651 3119 1995 3181 verissimum,
2034 3123 2086 3167 et
2112 3118 2221 3167 Deo
2246 3119 2465 3181 gratias,

181 3196 320 3257 quod
359 3196 425 3244 sit
460 3196 802 3244 verissimum.
853 3196 951 3245 Sed
990 3202 1231 3245 auctores
1270 3198 1548 3246 schematis
1585 3198 1682 3246 hoc
1719 3213 1823 3246 non
1859 3200 2069 3260 negant,
2106 3212 2210 3244 non
2237 3196 2462 3245 omnino.

179 3274 246 3321 Et
285 3274 457 3336 quoad
491 3274 792 3336 catholicos,
832 3276 919 3337 qui
946 3277 1227 3338 insurgunt
1264 3279 1315 3323 et
1340 3277 1741 3325 insurrexerunt
1778 3280 1963 3324 contra
1999 3274 2338 3338 temporalem
2375 3290 2467 3338 po—

180 3357 424 3403 testatem
463 3353 659 3402 Summi
695 3354 995 3416 Pontificis,
1049 3355 1257 3403 omnino
1296 3358 1438 3404 errat
1474 3358 1619 3403 rfiius
1668 3355 1974 3404 emendator
2022 3353 2238 3402 dicendo
2261 3393 2272 3414 ,
2323 3354 2462 3416 quod

182 3447 360 3480 eorum
400 3437 618 3481 conatus
658 3437 779 3480 sunt
816 3449 947 3496 pure
983 3433 1198 3495 politici.
1260 3433 1385 3490 Quis
1424 3435 1557 3482 enim
1597 3437 1691 3495 est,
1730 3434 1817 3497 qui
1852 3432 2068 3493 nesciat,
2111 3432 2247 3494 quod
2285 3446 2463 3480 omnes

181 3514 426 3571 conatUS,
478 3511 565 3573 qui
614 3511 955 3574 designantur
1003 3511 1253 3560 adversus
1300 3513 1640 3574 temporalem
1692 3514 2004 3574 potestatem
2054 3510 2250 3559 Summi
2285 3510 2464 3558 Ponti-

179 3587 315 3649 ficis,
366 3589 523 3637 etiam
562 3592 773 3651 propter
811 3593 1043 3649 arctum,
1088 3590 1436 3637 arctissimum
1485 3606 1679 3638 nexum
1731 3590 1867 3637 inter
1914 3591 2229 3650 potestatem
2267 3591 2461 3650 tempo-

180 3665 343 3713 ralem
381 3670 432 3714 et
471 3666 793 3729 spiritualem
830 3666 1128 3727 Pontificis,
1183 3666 1298 3730 quis
1337 3671 1440 3728 est,
1496 3667 1581 3729 qui
1630 3667 1855 3726 nesciat,
1896 3666 2035 3729 quod
2072 3669 2285 3728 propter
2321 3664 2461 3713 hunc

179 3743 528 3791 arctissimum
565 3760 757 3792 nexum
789 3760 965 3792 omnes
992 3749 1227 3805 conatus,
1268 3746 1357 3807 qui
1382 3746 1678 3808 diriguntur
1704 3745 1952 3792 adversus
1982 3747 2296 3807 potestatem
2334 3747 2461 3790 tem·

180 3820 427 3881 poralem,
468 3822 623 3869 etiam
662 3822 911 3871 adversus
950 3822 1273 3885 spiritualem
1310 3823 1604 3871 necessario
1645 3822 1976 3884 diriguntur?

334 3898 430 3959 ,Et
468 3900 710 3961 quoniam
737 3900 865 3948 haec
903 3903 982 3948 est
1018 3916 1101 3948 res
1134 3900 1456 3962 gravissima,
1494 3899 1619 3947 mihi
1655 3900 1897 3961 parcatis,
1936 3899 1978 3946 si
2005 3898 2334 3960 aliquatenus
2367 3897 2460 3944 im-

181 3989 352 4022 morer
400 3976 451 4022 in
498 3977 594 4024 hac
642 3993 716 4026 re.
786 3979 848 4025 In
899 3977 978 4025 his
1028 3978 1208 4026 diebus
1245 3979 1439 4026 nostris
1487 3982 1609 4026 sunt
1656 3976 1911 4039 quaedam
1963 3975 2246 4038 peculiaria
2282 3989 2457 4023 rerum

2165 1078 2186 1103 a
