2548 4290
253 154 316 204 12
743 152 856 192 Pars
889 151 924 191 Ι.
982 150 1138 193 Const.
1173 149 1227 191 de
1258 149 1359 190 fide.
1426 148 1536 203 Cap.
1570 148 1605 189 Ι.
1661 148 1776 189 Eius
1810 149 2016 190 historia,

249 299 316 352 de
357 299 626 352 relatione
668 298 812 350 inter
851 298 1254 351 revelationem
1297 294 1541 347 divinam
1583 298 1638 346 et
1677 294 1948 346 rationem
1992 292 2319 361 humanam,
2376 294 2521 347 inter

245 384 410 437 fidem
452 389 505 436 et
545 382 880 436 scientiam.“
908 381 924 414 1
984 382 1211 448 „Potest
1252 397 1385 433 vero
1428 378 1566 431 haec
1596 396 1722 447 pars
1751 378 1995 432 secunda
2025 378 2291 447 distingui
2319 378 2520 431 iterum

245 470 300 520 in
342 469 446 520 tria
485 468 749 521 membra.
816 467 883 520 In
916 469 1095 537 primo
1134 465 1360 518 membro
1401 463 1583 533 agitur
1623 463 1798 516 tribus
1838 464 2084 517 articulis
2126 463 2187 516 de
2222 465 2522 517 revelatione

244 554 679 623 supernaturali,
748 553 997 606 doctrina
1059 552 1317 604 nimirum
1385 549 1658 602 catholica
1722 549 1789 602 de
1853 550 2208 603 revelationis
2259 549 2519 619 fontibus,

244 637 487 691 eiusdem
527 640 810 691 necessitate
839 644 892 690 et
930 637 1108 690 obiecto
1147 635 1560 705 superrcctionalz‘
1596 636 1897 706 exponitur
1935 653 2045 688 non
2071 635 2372 688 universim
2402 635 2519 705 qui-

243 723 384 791 dem,
426 725 523 777 sed
564 730 834 795 quatenus
877 742 1090 777 errores
1134 728 1354 775 nostrae
1397 721 1593 774 aetatis
1635 720 1690 773 id
1726 721 2006 792 postulare
2048 721 2399 774 videbantur.
2451 720 2518 773 In

239 809 457 861 seeundo
496 810 718 863 membro
759 815 993 880 quatuor
1032 808 1276 861 articulis
1317 811 1586 859 tractatur
1627 805 1688 859 de
1716 806 1832 875 fide
1870 806 2080 874 divina,
2123 825 2264 877 quae
2305 805 2517 859 revela-

242 894 379 947 tioni
419 896 746 965 respondet3
790 900 914 965 post
956 895 1261 947 doctrinam
1291 892 1499 946 scilicet
1537 891 1605 945 de
1647 891 1772 959 fide,
1814 909 1946 963 qnae
1984 892 2229 960 creditur,
2270 892 2519 963 sequitur

244 978 540 1034 declaratio
582 981 718 1034 haec
760 981 937 1033 altera
977 980 1036 1032 de
1065 979 1193 1046 fide,
1234 997 1338 1049 qua
1378 978 1629 1031 creditur.
1683 978 1916 1031 Errores
1945 979 2146 1032 nostris
2174 978 2519 1050 temporibus

243 1064 704 1117 circumferuntur
756 1065 1098 1136 potissimum
1154 1065 1209 1116 in
1264 1063 1516 1116 doctrina
1566 1062 1626 1115 de
1678 1063 1998 1117 distinetione
2049 1063 2259 1117 divinae
2296 1064 2434 1133 fidei
2485 1081 2519 1116 a

241 1150 450 1201 seientia
477 1151 715 1202 humana
729 1171 749 1220 ,·
776 1150 837 1202 de
863 1150 1149 1203 necessitate
1174 1150 1482 1202 motivorum
1511 1148 1866 1202 credibilitatz‘s
1878 1169 1897 1217 ,·
1926 1149 1986 1202 de
2013 1151 2197 1202 virtute
2228 1148 2363 1219 fidei
2387 1150 2444 1202 in
2477 1166 2521 1202 se

239 1240 495 1302 spectatae,
538 1241 808 1305 quatenus
839 1235 1274 1303 supernaturalis
1304 1239 1414 1300 est;
1461 1240 1741 1304 postremo
1770 1234 1831 1287 de
1857 1236 2142 1287 necessitate
2180 1252 2241 1287 ac
2267 1252 2519 1304 superna-

239 1321 404 1371 turali
436 1321 694 1389 firmitate
722 1321 859 1390 fidei
896 1327 939 1373 et
979 1321 1039 1373 (le
1079 1321 1378 1391 oblz‘gyatione
1417 1322 1472 1372 in
1513 1338 1571 1372 ea
1613 1326 1861 1390 suscepta.
1940 1320 2028 1373 De
2082 1321 2164 1373 his
2218 1321 2387 1389 igitur
2429 1320 2516 1373 hic

239 1406 585 1458 tractandum
628 1411 722 1459 est.
800 1406 1094 1458 Membrana
1136 1407 1343 1458 tertium
1385 1405 1593 1476 pariter
1634 1406 1689 1458 in
1736 1405 2087 1477 oppositione
2130 1405 2395 1459 adversus
2435 1423 2519 1457 ro-

241 1496 425 1543 centes
468 1510 680 1545 errores
722 1492 890 1544 habet
931 1491 1067 1544 duos
1109 1491 1396 1544 articulos:
1441 1490 1502 1543 de
1541 1493 1785 1544 relatione
1827 1493 1958 1544 inter
1985 1491 2152 1561 fidem
2194 1491 2429 1544 divinam
2469 1497 2513 1544 et

236 1578 498 1629 seientiam
537 1578 861 1645 lzmnmzmm
898 1583 1009 1630 tmn
1051 1577 1111 1630 cle
1149 1578 1560 1630 ‘incommutabile‘
1598 1580 1805 1632 ‘veritate
1844 1578 2209 1648 definitionum
2251 1578 2512 1631 doetrinae

240 1662 507 1716 catholicae
536 1682 672 1733 prae
710 1666 885 1734 quovis
925 1666 1259 1717 scientiarum
1291 1664 1587 1734 profeetzc.“
1613 1663 1633 1695 ²

390 1748 489 1815 „In
529 1750 676 1801 tertia
729 1756 884 1820 parte
929 1750 1072 1820 (cap.
1119 1752 1356 1817 12—18)
1400 1751 1716 1803 continetur
1760 1750 2012 1804 doctrina
2065 1755 2256 1804 contra
2301 1765 2517 1803 errores

239 1836 536 1904 specialeS,
592 1836 684 1906 qui
733 1836 800 1889 ad
843 1837 1258 1907 perversionem
1311 1837 1659 1908 quorundam
1713 1836 2038 1907 dogmatum
2091 1837 2516 1889 christianorum

238 1937 336 1989 per
376 1921 696 1974 methodum
751 1923 1255 1976 semirationalismi
1310 1928 1364 1975 et
1406 1941 1476 1976 ex
1517 1923 1650 1993 ipsis
1692 1923 1809 1975 eius
1860 1923 2146 1994 principiis
2187 1921 2515 1975 formalibus

239 2004 462 2058 deducti
514 2012 670 2074 sunt,
727 2012 843 2059 tum
898 2008 1043 2061 circa
1094 2026 1317 2061 sensum
1369 2009 1676 2075 genuinum
1730 2008 1964 2062 aliarum
2017 2009 2316 2061 veritatum
2365 2005 2514 2073 fidei,

235 2095 352 2144 tum
394 2093 634 2145 maxime
678 2094 821 2146 circa
873 2099 1128 2146 naturam
1171 2099 1226 2147 ct
1264 2095 1528 2164 gratiam,
1583 2112 1680 2146 seu
1722 2094 1868 2146 circa
1910 2094 2160 2147 ordinem
2203 2092 2513 2146 naturalem

239 2182 293 2229 et
344 2177 918 2249 supernaturalem.“3
1011 2179 1380 2246 „Huiusmodi
1437 2198 1651 2233 errores
1703 2179 2043 2232 disseminati
2094 2184 2221 2232 sunt
2275 2179 2332 2231 in
2389 2177 2515 2230 doc-

237 2264 381 2316 trina
438 2267 483 2318 1.
539 2264 605 2316 de
648 2263 803 2330 Deo;
866 2267 915 2318 2.
971 2264 1038 2317 de
1087 2265 1278 2318 Verbo
1332 2265 1654 2332 incarnato,
1713 2266 1763 2318 3.
1813 2264 1881 2317 de
1931 2264 2154 2317 homine
2210 2263 2515 2317 secundum

236 2355 487 2403 naturam
529 2355 804 2422 spectat03
849 2353 899 2403 4.
941 2351 1008 2404 de
1049 2351 1457 2421 supernaturali
1501 2350 1813 2404 elevatione
1855 2350 2190 2404 hominisf*

386 2435 540 2496 Quae
568 2436 847 2489 schemate
892 2435 958 2488 de
1003 2436 1254 2490 doctrina
1282 2436 1556 2489 catholica
1586 2437 1993 2504 contineantur,
2038 2436 2237 2488 clarius
2278 2435 2499 2489 fortasse

238 2521 580 2588 exhibemUS,
611 2522 653 2573 si
683 2522 1028 2591 singulorum
1060 2521 1364 2574 octodecim
1397 2522 1658 2592 capitum,
1691 2539 1760 2574 ex
1793 2521 1990 2592 quibus
2009 2525 2237 2589 constat,
2267 2521 2323 2573 in
2341 2521 2502 2593 scrip-

235 2607 411 2659 tiones
440 2607 747 2660 referimuS.
802 2607 927 2659 Hae
957 2612 1113 2659 sunt:
1150 2610 1195 2659 1.
1227 2606 1630 2660 Condemnatio
1661 2607 2042 2660 materialismi
2072 2614 2126 2659 et
2156 2607 2504 2676 pantheismi.

237 2694 284 2746 2.
323 2692 724 2746 Condemnatio
777 2693 1158 2745 rationalismi.
1238 2696 1287 2745 3.
1331 2692 1417 2746 De
1475 2692 1693 2746 divinae
1748 2692 2103 2746 revelationis
2154 2691 2400 2745 fontibus
2454 2693 2505 2745 in

237 2778 289 2832 S.
322 2778 605 2848 Scriptura
634 2784 686 2831 et
717 2778 1058 2832 Traditione.
1115 2781 1164 2831 4.
1194 2778 1279 2831 De
1310 2779 1748 2849 supernaturalis
1775 2778 2132 2832 revelationis
2161 2779 2507 2832 necessitate.

239 2866 286 2917 5.
314 2865 400 2917 De
429 2866 702 2936 mysteriis
731 2865 860 2918 fidei
888 2866 944 2917 in
975 2865 1162 2918 divina
1191 2865 1532 2918 revelatione
1563 2865 1879 2937 propositis,
1936 2868 1984 2919 6.
2015 2865 2101 2918 De
2131 2865 2261 2918 fidei
2292 2864 2508 2919 divinae

238 2948 586 3003 distinctione
640 2968 671 3002 a
721 2951 952 3003 scientia
999 2951 1257 3004 humana.
1340 2954 1387 3003 7.
1428 2951 1515 3004 De
1569 2952 1899 3005 necessitate
1953 2951 2285 3004 motivorum
2340 2950 2510 3003 credi-

237 3033 480 3087 bilitatis.
560 3037 609 3087 8.
652 3035 737 3088 De
792 3037 1204 3107 supernaturali
1246 3037 1449 3090 virtute
1502 3036 1633 3090 fidei
1685 3041 1738 3091 et
1792 3037 1858 3091 de
1911 3036 2171 3090 libertate
2213 3036 2511 3090 voluntatis

237 3118 293 3170 in
348 3117 476 3171 fidei
529 3138 769 3174 assensu.
850 3124 899 3173 9.
951 3122 1038 3174 De
1095 3123 1425 3175 necessitate
1485 3127 1538 3175 et
1591 3122 1999 3193 supernaturali
2051 3122 2310 3175 firmitate
2365 3123 2511 3176 fidei.

242 3205 324 3256 10.
366 3203 451 3256 De
492 3209 640 3257 recto
684 3206 875 3259 ordine
903 3208 1047 3260 inter
1077 3209 1364 3261 scientiam
1394 3209 1692 3261 humanam
1722 3213 1777 3262 et
1804 3208 1971 3261 fidem
2001 3208 2262 3261 divinam.
2314 3209 2395 3260 11.
2426 3207 2511 3261 De

238 3289 676 3342 incommutabili
727 3292 962 3345 veritate
1004 3293 1151 3346 illius
1194 3294 1516 3363 dogmatum
1559 3312 1778 3361 senSUS,
1837 3310 2003 3364 quem
2043 3294 2223 3347 tenuit
2265 3298 2319 3346 et
2360 3299 2514 3346 tenet

237 3373 503 3426 Ecclesia.
588 3376 670 3428 12.
716 3375 801 3428 De
843 3378 1055 3430 unitate
1096 3378 1316 3431 divinae
1369 3384 1599 3433 naturae
1643 3397 1739 3432 seu
1797 3378 2071 3432 essentiae
2114 3379 2170 3431 in
2212 3378 2388 3432 tribus
2430 3378 2510 3431 di-

237 3458 446 3510 stinctis
500 3460 765 3529 personis.
849 3463 931 3514 13.
973 3461 1059 3515 De
1115 3463 1300 3516 divina
1342 3465 1666 3535 operatione
1718 3464 1893 3517 tribus
1940 3464 2190 3533 personis
2233 3464 2509 3517 communi

239 3547 292 3595 et
331 3543 438 3595 Dei
478 3543 734 3597 libertate
776 3546 832 3597 in
875 3547 1132 3600 creando.
1218 3550 1299 3600 14.
1342 3549 1428 3602 De
1471 3550 1598 3603 Iesu
1642 3549 1844 3602 Christi
1884 3567 1995 3601 una
2048 3548 2235 3602 divina
2275 3567 2513 3619 persona

238 3627 294 3678 in
337 3627 549 3681 duabus
590 3630 827 3696 naturis3
886 3636 1049 3701 atque
1103 3632 1170 3684 de
1222 3633 1608 3704 redemptione
1652 3639 1705 3687 et
1756 3634 1964 3687 vicaria
2016 3652 2116 3704 pro
2157 3633 2315 3687 nobis
2356 3634 2512 3686 satis-

238 3711 477 3765 factione
535 3732 633 3783 per
690 3714 926 3767 eundem
983 3716 1166 3768 Iesum
1221 3717 1501 3770 Christum
1549 3718 1851 3771 Dominum
1905 3718 2189 3772 Nostrum.
2283 3721 2366 3773 15.
2423 3717 2509 3771 De

391 3889 404 3916 ¹
442 3890 658 3939 Schema
695 3893 757 3940 de
796 3893 1029 3942 doctrina
1066 3895 1334 3944 catholica.
1408 3896 1463 3945 O.
1501 3896 1562 3945 V.
1602 3898 1696 3944 519
1714 3913 1757 3944 a.
1931 3896 1946 3922 ²
1986 3897 2117 3945 Ibid.
2156 3895 2212 3945 O.
2250 3896 2311 3944 V.
2351 3898 2442 3944 521
2462 3896 2510 3945 d.

387 3966 402 3993 ³
441 3967 571 4016 Ibid.
611 3967 664 4016 O.
704 3968 767 4017 V.
805 3971 899 4018 519
916 3973 963 4020 b.
1145 3971 1164 3999 ³*
1202 3973 1334 4022 Ibid.
1374 3973 1428 4022 O.
1468 3974 1528 4021 V.
1567 3975 1663 4021 538
1681 3974 1726 4022 d.
