2548 4290
179 147 293 188 Eius
318 158 415 200 cap.
433 145 490 186 Π.
523 146 593 187 De
608 146 836 186 Primatus
859 148 1171 199 perpetuitate.
1190 168 1243 175 —
1264 143 1373 199 Cap.
1388 146 1469 186 ΙΙΙ.
1502 147 1571 187 De
1587 147 1815 188 Primatus
1838 149 1885 187 vi
1910 158 1962 187 ac
1984 148 2169 188 ratione.
2227 147 2325 197 221

118 286 320 352 scendi,
361 286 590 354 regendi
629 302 691 337 ac
718 285 1062 354 gubernandi
1089 269 1453 338 universalem
1478 284 1779 338 Ecclesiam
1818 303 1849 337 a
1873 285 2107 338 Domino
2147 292 2329 338 nostro

55 375 58 393 ²
119 371 245 424 Iesu
285 369 500 423 Christo
540 369 762 439 plenam
800 374 1126 437 potestatem
1166 370 1421 422 traditam
1462 387 1606 435 esse,
1663 369 2119 438 quemadmodum
2168 369 2330 422 etiam

45 507 47 509 ,
117 454 174 506 in
212 454 380 522 gestis
420 452 889 504 oecumenicorum
918 452 1283 505 Conciliorum
1323 459 1378 504 et
1401 453 1457 503 in
1484 453 1648 504 sacris
1684 453 1980 504 canonibus
2007 453 2330 505 continetur.

6 589 11 603 „
45 590 49 602 s
265 535 358 603 [2.]
399 535 671 588 Docemus
713 536 938 605 proinde
971 541 1024 587 et
1052 535 1390 588 declaramus
1411 534 1445 601 1,
1485 536 1786 587 Ecclesiam
1814 535 2115 587 Romanam
2156 535 2331 605 dispo-

10 647 13 673 :
37 621 51 697 s
117 626 281 674 nente
302 619 537 672 Domino
566 636 729 686 super
755 637 940 672 omnes
967 620 1099 672 alias
1122 618 1462 672 ordinariae²
1489 620 1771 687 potestatis
1797 619 2040 672 obtinere
2062 619 2330 687 principa-

263 765 277 791 ¹
315 765 456 821 Quae
488 765 771 812 Florentini
820 765 1112 812 definitione
1161 766 1514 825 continentur,
1569 766 1872 813 evolvuntur
1910 769 1958 813 et
1997 765 2329 826 explicantur.

1 831 41 902 “sf
115 840 190 888 Ea
225 844 395 888 autem
432 841 714 901 adduntur,
752 844 809 887 ut
844 841 1068 902 theologi
1104 841 1167 888 ad
1202 842 1367 888 locum
1403 842 1792 902 respondentem
1829 841 2027 904 pristini
2063 839 2331 887 schematis

43 926 45 928 ’
116 916 379 976 adnotant,
409 920 644 978 „propter
670 931 845 963 eorum
871 917 1143 976 doctrinas,
1173 917 1259 977 qui
1284 920 1555 978 sequentes
1580 916 1904 976 Febronium,
1932 915 2330 973 Tamburinium,

41 1011 43 1013 ·
114 990 475 1051 PistorienseS,
523 992 672 1038 modo
710 992 963 1039 affirmant
999 993 1039 1039 Ι.
1077 993 1304 1052 ,Romani
1338 992 1600 1040 Pontificis
1636 996 1942 1054 potestatem
1991 1006 2100 1038 esse
2138 991 2332 1050 inspec-

115 1066 266 1113 tionis
302 1070 500 1114 tantum
547 1072 596 1115 et
633 1068 952 1115 directionis:
1002 1068 1133 1127 ‚Non
1177 1069 1325 1116 aliam
1361 1069 1406 1115 b.
1443 1069 1596 1115 Petro
1647 1069 1884 1116 collatam
1919 1068 2075 1114 fuisse
2110 1068 2333 1128 potesta-

8 1197 15 1205 „
113 1141 246 1203 tem‘,
301 1143 464 1205 inquit
499 1143 781 1191 Febronius
818 1144 892 1190 De
941 1148 1056 1191 stat.
1093 1144 1285 1191 EccleS.
1335 1148 1384 1191 et
1431 1144 1567 1205 legit.
1615 1148 1798 1205 potest.
1834 1145 1978 1191 Rom.
2014 1145 2160 1190 Pont.
2199 1145 2234 1188 t.
2260 1141 2330 1187 II.

0 1227 3 1242 ἰ
35 1276 39 1283 ξ
115 1233 155 1266 0.
185 1220 226 1278 1,
264 1234 431 1280 ,quam
464 1220 790 1281 inspectionis
818 1223 868 1267 et
894 1218 1229 1280 directionis‘3
1264 1221 1413 1267 modo
1438 1225 1606 1268 autem
1634 1221 1719 1280 IL,
1758 1236 1862 1267 eam
1903 1236 2012 1267 esse
2049 1217 2331 1266 extraordi-

22 1305 35 1351 g
113 1294 307 1341 nariam
343 1298 564 1354 tantum,
612 1311 713 1342 non
748 1311 868 1342 vero
907 1296 1214 1343 ordinariam
1250 1296 1611 1343 iurisdictionis
1645 1299 1952 1359 potestatem
1988 1295 2038 1341 in
2075 1309 2245 1341 omnes
2282 1295 2332 1339 et

35 1360 39 1365 ’
117 1370 341 1430 singulas
379 1371 642 1419 ecclesias:
692 1372 764 1418 ita
798 1372 974 1432 Eybel.
1011 1372 1061 1418 in
1096 1372 1180 1419 lib.
1218 1371 1367 1427 ‚Quid
1406 1376 1482 1419 est
1516 1372 1708 1433 Papa?‘
1759 1369 1931 1431 ,Una‘,
1982 1370 2172 1432 inquit,
2222 1370 2331 1429 ,hac

114 1446 488 1507 praerogativa,
526 1447 791 1507 supplendi
827 1448 1021 1494 scilicet
1057 1447 1270 1494 aliorum
1305 1447 1664 1508 negligentiae,
1702 1451 1861 1494 totam
1887 1447 2140 1493 Primatus
2177 1444 2332 1492 eccle-

116 1521 307 1569 siastici
342 1522 439 1567 vim
478 1522 754 1582 contineri,
806 1523 1182 1569 hortationibus
1221 1527 1269 1569 et
1308 1523 1550 1583 exemplis
1587 1524 1771 1570 unitati
1808 1522 2183 1570 conservandae
2219 1534 2333 1566 con-

115 1594 356 1656 sulendi‘3
396 1600 445 1643 et
481 1597 749 1657 ,Pontifices
774 1598 844 1644 nil
878 1613 1014 1658 posse
1049 1599 1099 1644 vin
1137 1599 1297 1645 aliena
1335 1598 1533 1645 dioecesi
1563 1604 1903 1660 praeterquam
1939 1596 2333 1644 extraordinario

114 1671 275 1732 casu‘;
315 1678 365 1720 et
400 1674 548 1720 modo
584 1673 699 1733 HL,
739 1674 947 1721 eandem
985 1678 1294 1736 potestatem
1329 1677 1523 1720 tantum
1564 1675 1849 1733 mediatam,
1885 1673 2176 1719 nullatenus
2211 1684 2331 1716 vero

115 1749 444 1796 immediatam
480 1764 591 1796 esse
626 1750 677 1796 in
714 1765 886 1797 omnes
923 1750 1307 1810 particularium
1345 1753 1604 1810 pastorum
1641 1764 1821 1810 greges
1858 1765 1915 1795 ac
1952 1747 2123 1794 fideles
2161 1747 2331 1807 episco-

106 1825 270 1886 palem
312 1825 661 1872 iurisdictionis
704 1831 1006 1887 potestatem:
1056 1826 1127 1872 ita
1163 1826 1271 1872 Pet.
1310 1826 1669 1874 Tamburinius
1716 1827 1767 1871 in
1816 1840 1894 1886 op.
1931 1825 2084 1883 ,Vera
2132 1822 2249 1869 idea
2284 1821 2330 1869 d.

0 1890 28 1964 f?
115 1901 163 1949 S.
199 1901 343 1961 Sede,
379 1902 433 1948 P.
472 1902 539 1948 ΙΙ.
578 1918 618 1948 c.
655 1904 699 1949 2.
738 1902 762 1960 ξ
800 1903 857 1949 5:
907 1902 997 1960 ‚La
1033 1903 1298 1963 spirituale
1334 1902 1557 1949 autorita
1594 1918 1619 1949 e
1656 1901 2016 1963 giurisdizione
2068 1899 2200 1946 della
2234 1897 2333 1959 pri-

115 1978 275 2024 mazia
312 1977 444 2024 della
480 1977 527 2025 S.
566 1978 692 2025 Sede
739 1994 839 2025 non
878 1980 918 2025 si
956 1979 1079 2025 deve
1118 1979 1424 2025 confondere
1464 1980 1577 2025 coll'
1614 1977 1838 2025 autorita
1885 1976 2199 2038 episcopale3
2250 1989 2332 2020 ma

5 2051 22 2118 Ξ
118 2055 208 2102 0110
246 2058 427 2117 questa
463 2070 489 2102 e
524 2055 574 2102 la
610 2055 851 2116 primazia
889 2070 1010 2102 sono
1049 2055 1145 2102 due
1182 2056 1375 2116 oggetti
1413 2056 1622 2102 distinti.
1651 2093 1660 2102 .
1689 2091 1699 2101 .
1749 2054 1811 2102 Se
1846 2055 1896 2101 la
1931 2053 2171 2114 primazia
2197 2051 2332 2097 fosse

0 2119 21 2148 ‘⁷
115 2147 218 2178 una
253 2146 371 2178 cosa
404 2135 565 2178 stessa
601 2131 716 2178 coll'
752 2131 977 2178 autorita
1010 2132 1309 2193 episcopale,
1348 2146 1703 2191 osservammO,
1743 2132 1833 2178 che
1858 2146 1946 2192 per
1969 2129 2195 2189 legitima
2219 2141 2333 2173 con-

117 2221 369 2268 seguenza
417 2222 480 2254 ne
532 2207 833 2267 seguirebbe
886 2223 1053 2254 essere
1099 2208 1132 2253 il
1180 2208 1321 2269 Papa
1370 2207 1404 2253 il
1455 2223 1669 2254 vescovo
1722 2206 2008 2253 universale
2055 2205 2115 2251 ed
2165 2203 2330 2261 unico,

114 2280 293 2344 poiche
342 2282 613 2329 l'autorita
649 2283 728 2329 del
764 2282 988 2329 Primato
1039 2283 1080 2328 si
1117 2284 1322 2330 estende
1362 2298 1390 2329 a
1426 2287 1561 2329 tutta
1607 2283 1654 2329 la
1691 2280 1904 2342 chiesa‘3
1954 2284 2002 2328 et
2037 2281 2092 2328 P.
2130 2280 2170 2326 Ι.
2209 2295 2249 2325 c.
2286 2280 2331 2324 4.

117 2357 142 2417 ξ
194 2359 280 2405 16;
341 2358 431 2417 ,La
476 2358 717 2419 primazia
767 2373 868 2404 non
922 2357 948 2404 ὸ
994 2358 1044 2405 la
1089 2358 1446 2419 giurisdizione
1499 2358 1783 2419 episcopale
1835 2358 1894 2404 ed
1942 2355 2233 2402 immediata
2281 2353 2332 2399 in

115 2433 455 2480 ciascheduna
490 2433 693 2480 diocesi.
722 2470 732 2481 .
760 2432 787 2480 .‘
847 2433 872 2493 ξ
912 2436 995 2481 19:
1049 2449 1164 2493 ,non
1214 2433 1239 2480 e
1276 2434 1408 2480 altra
1444 2449 1562 2481 cosa
1611 2434 1679 2493 (la
1713 2430 1971 2494 primazia)
2021 2432 2112 2478 che
2159 2446 2228 2476 un
2265 2428 2334 2474 di-

114 2510 235 2557 ritto
263 2509 575 2570 d'ispezione
602 2525 628 2556 e
648 2509 696 2556 di
715 2510 964 2571 vigilanza
981 2512 1030 2556 in
1050 2515 1185 2557 tutta
1209 2511 1541 2558 l'estensione
1567 2510 1700 2557 della
1719 2506 1946 2556 chiesa.‘“
1988 2507 2220 2566 (Schema
2238 2508 2331 2552 etc.

114 2584 169 2633 O.
205 2585 266 2632 V.
305 2586 459 2632 614b.
486 2600 527 2632 c.
566 2611 626 2616 —-
663 2585 737 2632 Of.
778 2601 906 2647 quae
941 2586 1076 2632 infra
1112 2587 1174 2632 ad
1212 2601 1455 2632 canonem
1492 2584 1839 2642 adnotantur.)

258 2662 402 2709 Hanc
446 2661 660 2708 alteram
696 2662 1073 2723 paragraphum
1111 2662 1268 2723 aliqui
1303 2662 1483 2708 Patres
1521 2663 1686 2709 omitti
1721 2660 1808 2720 (V.
1846 2676 1999 2722 supra
2035 2675 2142 2721 cap.
2169 2658 2208 2705 Ι.
2245 2657 2332 2703 Hi-

115 2739 273 2785 storia
310 2742 405 2785 etc.
443 2755 491 2798 p.
521 2738 664 2797 117),
703 2738 789 2784 alii
824 2738 1065 2786 volebant
1102 2739 1278 2799 augeri
1316 2739 1490 2785 addita
1527 2739 1793 2795 sententia,
1832 2753 1933 2799 qua
1970 2737 2331 2793 declararetur,

115 2815 338 2874 antiquis
376 2814 579 2862 sedibus
615 2814 1043 2874 patriarchalibus
1080 2815 1344 2875 privilegia
1380 2815 1580 2874 integra
1617 2815 1822 2861 servari.

261 2889 277 2916 ²
318 2890 599 2950 „Dividitur
646 2893 873 2951 potestas
908 2890 960 2936 in
998 2891 1305 2937 ordinariam
1343 2893 1392 2937 et
1435 2890 1735 2950 delegatam.
1806 2888 1991 2936 Omnes
2040 2889 2212 2935 dicunt
2247 2900 2331 2947 po-

115 2969 350 3013 testatem
389 2966 711 3025 ordinariam,
750 2981 879 3027 quae
916 2966 1065 3013 alicui
1103 2966 1344 3027 competit
1370 2966 1565 3012 ratione
1590 2966 1827 3024 muneris,
1867 2965 2165 3024 delegatam,
2204 2976 2331 3023 quae

213 3077 224 3089 .
262 3042 463 3089 nomine
500 3042 712 3089 alterius
752 3047 1035 3101 exercetur,
1074 3042 1124 3088 in
1161 3057 1259 3104 quo
1298 3046 1374 3088 est
1411 3038 1710 3088 ordinaria.“
1774 3042 1877 3099 (Ita
1912 3041 2079 3101 Episc.
2118 3038 2333 3085 Tarvisi-

114 3133 210 3165 nus
256 3117 307 3164 in
352 3117 599 3165 relatione
644 3118 848 3164 nomine
895 3118 1237 3179 deputationis
1284 3118 1473 3164 habita.
1543 3116 1596 3163 O.
1634 3117 1695 3163 V.
1732 3117 1825 3163 352
1842 3116 1903 3175 c.)
1941 3143 2002 3149 —
2038 3115 2134 3162 Sed
2181 3114 2332 3160 etiam

117 3193 214 3240 alio
252 3207 401 3239 sensu
439 3192 628 3240 Summi
664 3193 924 3240 Pontificis
961 3197 1188 3254 potestas
1227 3193 1410 3239 dicitur
1447 3192 1730 3251 ordinaria,
1774 3208 1842 3239 sc.
1879 3192 1998 3253 quia
2032 3206 2133 3237 non
2171 3190 2330 3236 solum

116 3269 167 3315 in
204 3284 325 3315 casu
362 3269 795 3328 extraordinario,
845 3269 932 3316 sed
969 3283 1166 3329 semper
1203 3268 1430 3315 exerceri
1465 3270 1649 3329 potest.
1718 3267 1778 3313 Id
1810 3268 1908 3314 iam
1943 3270 2084 3328 patet
2121 3281 2183 3312 ex
2219 3265 2332 3311 doc-

117 3345 251 3391 trina
285 3344 721 3404 adversariorum,
776 3344 883 3404 cui,
930 3349 988 3391 ut
1036 3347 1112 3390 est
1157 3343 1208 3390 in
1245 3342 1565 3389 antecedenti
1599 3343 2063 3401 animadversione,
2114 3356 2235 3387 vera
2271 3339 2331 3386 de

116 3419 346 3467 Primatu
395 3420 623 3467 doctrina
669 3420 763 3467 hac
813 3420 1131 3481 paragrapho
1181 3419 1469 3480 opponitur.
1541 3418 1637 3465 Sed
1684 3419 1836 3465 etiam
1882 3419 1988 3480 ipse
2022 3418 2107 3464 ille
2142 3416 2332 3463 relator

119 3495 461 3557 deputationis
506 3496 571 3542 ad
613 3496 926 3557 probandam
976 3495 1280 3542 ordinariam
1317 3494 1506 3541 Summi
1541 3494 1800 3541 Pontificis
1843 3497 2148 3556 potestatem
2197 3492 2331 3538 hunc

119 3570 269 3619 affert
313 3571 479 3617 locum
515 3570 712 3617 Natalis
761 3572 821 3618 de
857 3571 1149 3617 Alexandro
1188 3570 1338 3629 (Hist.
1377 3570 1495 3616 eccl.
1544 3570 1659 3616 diss,
1697 3570 1784 3616 IV.
1825 3570 1876 3616 in
1913 3585 2041 3616 saec.
2078 3569 2117 3616 I.
2156 3571 2204 3615 et
2241 3567 2331 3615 IV.

119 3635 274 3693 schol.
312 3644 402 3704 3.):
458 3646 741 3706 „Romanus
777 3646 1018 3692 Pontifex
1054 3661 1296 3692 summam
1335 3646 1488 3692 habet
1537 3659 1750 3706 eamque
1802 3644 2106 3692 ordinariam
2153 3644 2204 3690 in
2240 3643 2331 3689 Ec-

120 3721 273 3768 clesia
307 3722 545 3768 universa
578 3724 881 3782 potestatem
920 3725 969 3768 et
1005 3721 1378 3779 auctoritatem,
1422 3735 1571 3781 quam
1607 3735 1708 3766 non
1744 3720 2158 3767 extraordinariis
2194 3719 2331 3766 dum-

119 3800 264 3843 taxat
282 3796 332 3843 in
351 3796 550 3843 casibus
570 3796 682 3855 (nec
706 3797 819 3842 ideo
838 3811 927 3857 pro
956 3795 1237 3857 supplenda
1263 3795 1612 3842 tantummodo
1640 3796 1984 3856 praelatorum
2002 3794 2330 3856 negligentia)

120 3875 171 3918 et
206 3871 465 3919 Ecclesiae
500 3871 763 3933 periculis,
810 3873 897 3918 sed
936 3887 1134 3932 semper
1171 3886 1410 3918 exercere
1447 3875 1613 3932 potest
1651 3875 1700 3918 et
1736 3872 1786 3918 in
1832 3871 2005 3918 fideles
2049 3871 2328 3930 universos,
