2548 4290
246 116 315 168 30
439 116 552 157 Pars
584 115 620 156 1.
677 114 830 157 Const.
866 113 920 155 de
952 111 1053 154 fide.
1119 110 1231 167 Cap.
1266 112 1323 152 Π.
1383 109 1801 153 Commentationes
1837 110 1891 152 de
1925 110 2162 165 aliquibus
2195 111 2325 153 locis.

243 278 409 314 mana
439 261 711 315 catholica
737 258 1044 314 Ecclesia“.
1098 258 1282 320 Quum
1323 260 1512 309 autem
1541 255 1802 310 discussio
1833 256 2090 328 specialis
2130 257 2295 329 primi
2325 258 2521 330 capitis

244 344 561 414 haberetur,
600 363 742 397 unus
784 362 813 398 e
855 343 1116 397 Patribus
1157 359 1350 396 vocem
1383 341 1706 408 „Romana“
1753 341 1949 408 omitti,
1990 341 2133 395 alter
2171 342 2260 395 vel
2305 343 2523 410 „catho-

243 428 351 482 lica
391 437 556 501 atque
597 430 854 484 Romana
893 428 1179 484 Ecclesia“
1235 426 1368 498 poni
1407 426 1610 494 voluit,
1664 426 1754 480 vel
1795 444 1960 480 voces
2005 427 2294 493 „Romana
2335 428 2523 483 catho-

243 514 382 568 lica“
440 516 659 586 virgula
710 516 956 587 separari
978 514 1013 566 1.
1099 513 1406 584 Deputatio
1458 516 1644 565 tamen
1701 513 1946 580 censuit,
2003 513 2142 566 nihil
2194 514 2523 567 mutandum

246 618 363 654 esse
383 599 420 655 ².
498 601 697 672 Itaque
749 601 806 653 in
857 601 1136 654 tricesima
1186 604 1346 652 sexta
1391 597 1840 668 Congregatione
1893 599 2173 670 generali,
2231 617 2399 670 quum
2455 599 2522 655 de

245 685 727 739 emendationibus
780 685 1076 757 propositis
1127 684 1394 754 suffragia
1445 683 1677 737 ferenda
1719 688 1934 751 essent,
1986 684 2298 755 Episcopus
2338 684 2524 738 Brixi-

244 771 445 842 nensiS,
489 771 863 843 deputationis
901 770 1124 836 relator,
1167 768 1427 822 Patribus
1468 769 1657 833 suasit,
1700 774 1761 821 ut
1788 769 2031 840 priorem
2074 769 2526 824 emendationem

243 856 624 927 negligerent,
683 875 852 928 quum
908 872 1260 926 nequaquam
1313 854 1624 907 timendum
1682 859 1857 922 esset,
1916 854 2064 926 quod
2119 855 2525 910 emendationis

244 947 436 995 auctor
475 943 714 1010 timeret,
752 961 822 995 ne
857 941 1142 1009 „Ecclesia
1169 941 1424 993 Romana
1453 940 1759 993 catholica“
1804 940 2216 1011 intelligeretur
2257 960 2340 1010 ea,
2382 960 2524 1013 quae

246 1033 390 1081 esset
443 1028 500 1080 in
560 1028 707 1080 alma
746 1027 919 1080 Urbe.
999 1027 1185 1080 Etiam
1238 1026 1515 1079 rationem
1568 1026 1789 1093 deesse,
1848 1043 1945 1078 cur
2000 1026 2174 1080 verba
2226 1026 2295 1080 ab
2348 1028 2525 1082 altero

244 1113 629 1166 commendata
669 1113 1080 1183 reciperentur,
1139 1130 1308 1182 quum
1361 1111 1535 1164 verba
1580 1111 1868 1178 „Romana
1920 1110 2195 1165 catholica
2234 1111 2520 1166 Ecclesia“

242 1216 351 1251 non
401 1199 697 1252 innuerent
749 1198 991 1270 speciem
1049 1197 1330 1269 quandam
1381 1197 1690 1251 catholicae
1743 1196 2061 1264 Ecclesiae,
2120 1215 2263 1268 quae
2317 1199 2525 1270 opponi

244 1287 429 1352 posset
473 1283 1059 1354 „Anglo-catholicae“
1115 1282 1205 1336 vel
1257 1283 1366 1337 alii.
1446 1282 1685 1335 Addidit
1726 1288 1913 1335 tamen
1965 1282 2200 1352 relator,
2252 1284 2388 1336 nihil
2431 1286 2527 1338 ob-

243 1374 425 1438 stare,
491 1370 783 1440 quominus
835 1369 905 1422 ad
960 1387 1180 1422 omnem
1234 1369 1511 1423 sinistram
1576 1369 2097 1440 interpretationem
2155 1370 2525 1424 amovendam

243 1456 388 1508 inter
440 1473 634 1508 vocem
679 1455 999 1522 „Romana“
1058 1461 1114 1509 et
1169 1455 1507 1523 „catholica“
1565 1460 1866 1525 poneretur
1916 1455 2137 1526 virgula
2162 1456 2200 1509 3.
2283 1455 2526 1510 Censue-

243 1546 373 1593 runt
412 1541 608 1595 Patres
661 1541 778 1595 fere
832 1559 1050 1608 omneS,
1102 1542 1276 1594 verba
1317 1541 1513 1613 capitis
1559 1541 1852 1595 retinenda
1894 1559 2030 1595 esse.
2115 1541 2299 1603 Quum
2339 1548 2527 1596 autezn

245 1627 507 1697 suffragia
547 1632 895 1698 rogarentur,
938 1633 1122 1680 utrum
1163 1628 1382 1698 virgula
1422 1633 1726 1699 poneretur
1759 1645 1954 1695 necne,
1997 1645 2200 1698 magna
2246 1629 2391 1682 inter
2432 1646 2525 1682 eos

246 1713 457 1765 exstitit
498 1713 793 1781 dissensiO,
843 1719 1009 1783 atque
1050 1713 1370 1783 petentibus
1411 1713 1467 1766 id
1508 1713 1769 1766 Patribus
1810 1713 2105 1767 Praesides
2147 1713 2414 1786 suffragia
2455 1713 2527 1767 ad

244 1798 410 1851 aliam
453 1797 959 1869 Congregationem
1010 1798 1376 1867 distulerunt,
1427 1804 1488 1852 ut
1540 1798 1755 1852 collatis
1809 1798 2050 1852 consiliis
2103 1817 2403 1852 consensus
2445 1798 2527 1853 fa-

246 1883 401 1936 cilius
442 1883 682 1937 obtineri
723 1889 910 1955 posset
929 1883 967 1938 ⁴.

393 1977 660 2048 Sequenti
699 1978 870 2048 igitur
911 1977 999 2030 die
1041 1978 1098 2029 in
1140 1976 1590 2048 Congregatione
1631 1976 1911 2030 tricesima
1952 1977 2189 2049 septima
2216 1976 2526 2049 Episcopus

244 2064 595 2116 Brixinensis
635 2064 932 2134 specialem
976 2063 1043 2116 de
1087 2081 1150 2116 ea
1191 2082 1249 2116 re
1292 2063 1661 2117 relationem5
1714 2063 1910 2116 habuit
1963 2068 2129 2134 atque
2175 2081 2267 2131 „re
2309 2069 2525 2118 mature

245 2167 429 2202 coram
470 2149 591 2202 Deo
644 2167 920 2219 perpensa
971 2154 1026 2202 et
1077 2149 1320 2201 consiliis
1362 2149 1565 2201 habitis
1607 2153 1663 2202 et
1700 2149 1849 2201 initis
1902 2167 2027 2202 cum
2084 2149 2336 2219 plurimis
2372 2149 2525 2202 Rffiis

245 2234 521 2302 Patribus,
564 2236 728 2287 etiam
770 2252 893 2287 cum
935 2234 1186 2304 pluribus
1228 2253 1300 2287 ex
1343 2234 1695 2305 delegatione
1738 2234 1805 2288 de
1847 2234 1988 2288 fide“
2035 2234 2261 2303 suadet,
2322 2240 2383 2288 ut
2422 2236 2526 2289 tol-

244 2321 390 2372 latur
429 2321 663 2390 virgula.
721 2320 967 2386 Quaerit,
1011 2337 1151 2390 quae
1194 2321 1263 2373 sit
1302 2320 1630 2390 significatio
1672 2320 1969 2373 verborum
2011 2320 2298 2388 „Romana
2340 2321 2527 2374 catho-

245 2406 352 2458 lica
390 2405 693 2459 Ecclesia“.
778 2405 1100 2475 „Significat
1151 2405 1356 2472 idem“,
1409 2406 1619 2476 inquit,
1679 2423 1775 2473 „ac
1826 2405 2080 2459 Ecclesia
2130 2405 2414 2473 Romana,
2470 2406 2528 2459 id

247 2495 330 2543 est
370 2495 545 2543 mater
599 2495 653 2543 et
704 2491 969 2561 magistra
1022 2492 1268 2545 omnium
1320 2491 1707 2558 ecclesiarum,
1763 2491 2057 2545 coniuncta
2109 2509 2233 2543 cum
2275 2490 2528 2545 Ecclesia

248 2577 537 2643 catholica,
581 2576 638 2629 id
679 2582 778 2644 est,
822 2595 946 2629 cum
988 2595 1052 2630 ea
1080 2577 1347 2644 Ecclesia,
1396 2595 1538 2647 quae
1583 2582 1666 2630 est
1705 2577 1762 2629 in
1803 2583 1918 2630 toto
1961 2577 2093 2630 orbe
2135 2582 2429 2645 terrarum,
2472 2583 2528 2632 et

248 2662 471 2733 quidem
523 2663 600 2715 ita
640 2663 965 2731 coniuncta,
1023 2669 1084 2716 ut
1123 2663 1377 2716 Ecclesia
1417 2663 1673 2716 Romana
1725 2664 1794 2715 sit
1847 2663 2119 2716 catholica
2162 2669 2216 2716 et
2255 2663 2527 2717 catholica

247 2748 317 2799 sit
356 2747 660 2800 Romana.“
744 2745 936 2801 Verba
987 2748 1083 2801 illa
1124 2748 1279 2819 quasi
1319 2766 1524 2801 nomen
1576 2749 1862 2820 proprium
1904 2748 2186 2802 Ecclesiae
2239 2749 2525 2803 exhibere.

247 2832 543 2885 Neminem
594 2837 780 2885 autem
833 2833 977 2886 inter
1029 2852 1232 2886 nomen
1284 2834 1571 2905 proprium
1625 2839 1679 2886 et
1730 2834 2070 2904 gentilitium
2122 2834 2398 2904 virgulam
2448 2834 2527 2887 in-

247 2935 430 2971 serere
455 2917 492 2969 6.
548 2917 709 2979 Quod
751 2918 937 2989 aliqui,
979 2920 1307 2990 praesertim
1345 2920 1533 2988 Angli,
1575 2920 1824 2988 timeant,
1867 2939 1936 2973 ne
1977 2920 2086 2972 illis
2127 2919 2311 2973 verbis
2353 2938 2526 2973 error.

249 3003 518 3071 faveatur,
562 3021 667 3073 quo
705 3010 973 3072 asserunt,
1016 3005 1203 3075 plures
1232 3005 1388 3075 quasi
1416 3005 1629 3075 species
1669 3006 1832 3058 unius
1873 3023 2038 3058 verae
2064 3005 2350 3058 Ecclesiae
2388 3023 2516 3059 esse.

248 3088 305 3140 id
344 3107 455 3141 non
496 3089 661 3158 plane
701 3090 867 3143 inane
910 3108 1027 3143 esse
1072 3091 1296 3144 fatetur.
1378 3091 1526 3143 Huic
1567 3096 1753 3144 autem
1795 3092 1969 3145 errori
2010 3092 2224 3144 occurri
2265 3108 2426 3160 posse
2468 3092 2517 3143 in

252 3173 657 3228 Constitutione
701 3174 1014 3245 dogmatica
1055 3176 1122 3229 de
1163 3175 1415 3229 Ecclesia
1437 3176 1471 3231 ⁷.

399 3259 562 3320 Quod
608 3260 675 3313 de
716 3260 1014 3314 verborum
1056 3262 1460 3332 significatione
1503 3261 1673 3315 Rffius
1714 3260 2020 3332 Episcopus
2072 3261 2348 3329 disseruit,
2390 3279 2521 3314 non-

250 3345 457 3397 nemini
497 3343 731 3398 fortasse
775 3345 1080 3416 displiceat.
1149 3347 1326 3400 Maior
1367 3352 1555 3400 tamen
1595 3347 1828 3400 Patrum
1869 3364 1996 3417 pars
2047 3346 2322 3416 virgulam
2366 3347 2523 3399 omit-

249 3429 473 3482 tendam
539 3431 766 3485 censuit.
859 3430 1043 3492 Quum
1106 3437 1291 3486 autem
1355 3433 1409 3485 in
1474 3432 1920 3502 Congregatione
1978 3433 2228 3502 generali
2289 3432 2523 3503 quadra-

249 3516 461 3584 gesima
513 3516 730 3586 quinta,
784 3516 835 3570 d.
881 3519 964 3570 12.
1004 3516 1245 3588 Aprilis,
1302 3518 1568 3588 suffragia
1619 3517 1687 3571 de
1740 3522 1857 3571 tota
1905 3517 2313 3572 Constitutione
2364 3536 2524 3589 roga-

403 3710 417 3736 ¹
456 3711 857 3760 Emendationes
897 3716 992 3760 etc.
1065 3712 1120 3761 C.
1157 3713 1219 3760 V.
1258 3715 1319 3761 98
1335 3729 1377 3761 a.
1563 3713 1579 3740 2
1617 3715 1697 3761 Ex
1734 3715 1864 3762 actis
1902 3719 1998 3764 etc.
2072 3714 2126 3763 O.
2165 3715 2226 3764 V.
2269 3715 2452 3762 16710.

401 3787 417 3814 3
455 3788 658 3836 Relatio
698 3794 794 3837 etc.
857 3789 912 3838 O.
949 3789 1013 3837 V.
1054 3791 1190 3837 102a
1229 3807 1338 3853 sqq.
1534 3790 1553 3817 4
1591 3792 1721 3840 Ibid.
1794 3792 1848 3840 O.
1887 3793 1949 3842 V.
1991 3795 2082 3840 108
2100 3794 2128 3840 d
2169 3809 2240 3855 sq.

399 3865 414 3891 5
454 3865 507 3913 O.
546 3866 609 3914 V.
652 3866 790 3915 117d
829 3883 937 3930 sqq.
1122 3867 1138 3895 ⁶
1175 3868 1395 3917 Relatio.
1468 3868 1525 3917 O.
1562 3869 1625 3918 V.
1669 3872 1820 3919 118a.
1846 3872 1895 3920 b.

402 3943 417 3969 ⁷
457 3944 586 3992 Ibid.
646 3943 701 3992 O.
741 3944 804 3993 V.
848 3947 991 3993 1180.
