2548 4290
324 144 568 186 Comment.
599 144 701 185 VII.
756 145 823 184 De
852 145 999 185 tribus
1034 142 1335 184 Conciliorum
1366 145 1636 184 testimoniis
1668 146 1712 184 in
1746 146 1892 196 capite
1923 143 2001 183 IV.
2167 143 2269 193 173

207 289 271 340 In
312 289 485 341 altera
528 289 831 341 relatione1
872 289 1037 340 Rffius
1076 289 1258 357 Episc.
1299 288 1639 339 Brixinensis
1678 288 1860 356 aliqua
1899 286 2058 338 affert
2098 285 2164 337 ad
2207 303 2272 337 ea

37 371 378 436 refutanda,
431 389 568 440 quae
619 372 674 422 in
715 370 1244 439 Congregationibus
1295 370 1640 437 generalibus
1682 370 1749 421 ad
1799 368 2119 422 elevandam
2159 370 2266 420 vim

63 455 491 508 testimoniorum
532 454 895 506 Conciliorum
935 454 1152 505 illorum
1193 453 1403 505 obiecta
1443 458 1613 505 erant.

206 536 661 589 Animadversum
713 543 854 599 erat,
905 537 1085 589 locum
1125 536 1352 589 Concilii
1396 535 1978 604 Constantinopolitani
2020 536 2117 588 IV.
2173 553 2268 587 seu

61 621 346 674 formulam
387 621 712 672 Hormisdae
760 622 925 685 „nihil
975 622 1251 673 continere
1303 620 1403 671 nisi
1454 619 1738 684 fiduciam,
1798 637 2072 688 nunquam
2125 619 2268 671 futu-

26 722 175 763 ‚rum
218 721 360 770 esse,
401 709 460 755 ut
500 704 791 756 cathedrae
834 704 886 756 S.
928 705 1077 757 Petri
1117 704 1338 767 accidat,
1387 703 1531 771 quod
1573 703 1637 755 de
1679 707 1757 755 tot
1796 702 2014 754 sedibus
2055 708 2268 772 aposto-

58 787 172 839 licis
212 794 390 839 actum
430 804 545 839 esse
587 787 859 853 dolemus3
901 788 995 840 sed
1035 805 1370 840 successores
1397 787 1664 856 Principis
1700 787 2066 855 apostolorum
2106 787 2266 839 fidem

58 870 245 923 tuendi
300 875 354 923 et
392 870 586 923 fratres
641 871 994 923 confirmandi
1049 888 1272 923 munere
1327 888 1494 939 usque
1550 871 1617 921 ad
1668 870 1830 922 finem
1877 870 2063 922 mundi
2115 871 2266 923 func-

12 995 22 1007 .
59 958 205 1006 turos
246 954 413 1005 esse“.

199 1036 500 1106 Episcopus
527 1037 692 1106 igitur
719 1037 1058 1089 Brixinensis
1088 1055 1205 1089 eam
1233 1038 1737 1106 interpretationem
1768 1036 1897 1087 dicit
1936 1053 2034 1088 nec
2072 1036 2265 1089 literae

56 1120 341 1172 convenire
393 1137 490 1171 nec
538 1121 715 1172 sensui
765 1121 1018 1172 historico
1071 1120 1396 1173 documenti.
1475 1119 1630 1180 Quod
1676 1119 1823 1189 prius
1874 1119 2104 1188 simplici
2156 1119 2262 1171 for-

58 1203 235 1255 mulae
285 1203 519 1255 lectione
573 1204 824 1256 ostendit.
901 1204 1116 1256 Deinde
1168 1204 1377 1273 pergit:
1438 1203 1625 1269 „Quod
1676 1202 1743 1254 ad
1797 1219 2012 1254 sensum
2054 1204 2264 1267 attinet,

56 1304 242 1340 sensus
282 1285 598 1339 manifestus
637 1288 826 1339 horum
859 1287 1146 1339 verborum
1187 1288 1373 1356 utique
1414 1288 1498 1338 hic
1541 1291 1646 1338 est:
1688 1286 1764 1338 Ut
1789 1286 1982 1337 Oriens
2024 1286 2265 1338 divulsus

57 1388 88 1422 a
126 1370 266 1422 Sede
307 1370 623 1439 Apostolica
662 1371 858 1423 iterum
899 1371 1331 1423 communionem
1372 1388 1490 1422 cum
1533 1371 1649 1439 ipsa
1689 1369 1829 1421 Sede
1858 1368 2173 1438 Apostolica
2213 1378 2268 1422 et

57 1470 176 1505 cum
215 1453 460 1505 Ecclesia
506 1453 773 1506 catholica
819 1454 1114 1523 reciperet.v
1174 1454 1471 1506 solemnem
1527 1453 1915 1521 professionem
1971 1452 2097 1504 fidei
2137 1454 2265 1522 Epi-

53 1538 201 1604 scopi
251 1538 393 1589 circa
441 1538 879 1607 praerogativam
932 1537 1086 1589 Sedis
1125 1536 1476 1606 Apostolicae
1533 1537 1780 1588 emittere
1837 1535 2141 1601 debebant,
2194 1554 2266 1590 sc.

54 1619 153 1672 hoc
194 1638 309 1672 esse
361 1626 540 1672 rectae
579 1620 704 1673 fidei
746 1621 993 1689 regulam
1046 1620 1342 1685 custodire,
1395 1621 1438 1671 si
1479 1638 1573 1689 spe
1616 1625 1668 1672 et
1708 1619 1813 1671 fide
1854 1620 2077 1671 firmiter
2116 1626 2263 1672 tene-

53 1720 185 1770 mus,
227 1704 448 1756 Domini
487 1705 656 1756 nostri
686 1705 810 1756 Iesu
841 1704 1037 1757 Christi
1079 1705 1489 1774 promissionem
1519 1705 1683 1755 Petro
1725 1704 1917 1755 factam
1960 1721 2067 1755 non
2108 1722 2265 1774 posse

52 1787 435 1855 praetermitti,
485 1788 622 1840 sicut
661 1806 852 1856 reapse
895 1794 1091 1840 eventu
1134 1788 1483 1857 comprobata
1524 1793 1636 1849 est,
1677 1788 1883 1839 scilicet
1921 1788 1974 1838 in
2016 1805 2078 1839 eo
2121 1789 2263 1857 quod

51 1869 396 1923 immaculata
435 1888 649 1940 semper
690 1875 903 1923 servata
944 1877 1024 1923 est
1064 1872 1118 1922 in
1161 1871 1300 1923 Sede
1343 1870 1655 1939 Apostolica
1696 1888 1825 1922 vera
1865 1871 2072 1938 religio.

200 1952 434 2020 „Contra
474 1955 844 2006 testimonium
886 1973 954 2007 ex
986 1955 1227 2006 Concilio
1255 1954 1612 2021 Lugdunensi
1654 1954 1874 2005 allatum
1905 1953 2105 2005 dictum
2145 1954 2263 2018 fuit,

49 2035 184 2087 illud
225 2054 324 2089 nec
364 2056 396 2089 a
437 2037 680 2090 Concilio
732 2038 1031 2089 adhibitum
1075 2056 1252 2107 neque
1304 2038 1677 2089 confirmatum
1729 2038 1909 2089 fuisse.
1987 2039 2068 2089 Ne
2109 2055 2263 2107 repe-

49 2124 158 2172 tam
199 2138 278 2187 ea,
321 2139 459 2191 quae
502 2123 604 2173 iam
647 2123 745 2173 hac
787 2123 852 2174 de
893 2141 948 2174 re
991 2123 1190 2174 relator
1232 2123 1420 2191 capitis
1461 2122 1606 2173 tertii
1636 2122 1789 2186 dixit,
1830 2121 2165 2173 solummodo
2196 2123 2262 2174 de

48 2220 155 2254 uno
196 2205 518 2273 paucissima
558 2205 860 2275 proferam,
911 2223 980 2257 sc.
1025 2206 1091 2257 ad
1144 2204 1651 2267 demonstrandum,
1706 2205 1847 2273 quod
1890 2204 2120 2256 formula
2161 2205 2263 2256 ista

48 2285 173 2338 fidei
214 2306 244 2338 a
284 2287 524 2340 Concilio
566 2289 921 2358 Lugdunensi
964 2307 1068 2341 non
1111 2289 1275 2340 fuerit
1315 2289 1583 2355 adhibita,
1637 2288 1915 2353 obiicitur,
1966 2288 2112 2339 illam
2155 2288 2259 2339 for-

49 2370 248 2421 mulam
289 2371 342 2422 in
386 2371 626 2423 Concilio
668 2391 775 2424 non
817 2372 980 2423 fuisse
1025 2373 1332 2423 discussam.
1412 2372 1531 2423 Hoc
1571 2372 1756 2440 utique
1799 2388 1985 2422 verum
2029 2376 2123 2436 est,
2165 2372 2258 2423 sed

49 2452 247 2505 exinde
299 2454 432 2505 nihil
483 2455 743 2524 probatur
794 2461 980 2507 contra
1032 2456 1407 2507 auctoritatem
1460 2455 1618 2505 huius
1672 2454 2005 2510 documenti:
2064 2471 2091 2505 e
2135 2471 2259 2506 con-

49 2536 212 2587 trario
267 2537 508 2588 firmatur
559 2539 730 2607 magis
785 2540 1076 2591 auctoritas
1128 2539 1287 2590 illius.
1365 2538 1505 2589 Nam
1564 2556 1723 2589 causa
1778 2538 1936 2588 huius
1983 2538 2059 2588 rei
2112 2539 2260 2589 nulla

50 2618 155 2670 alia
195 2625 305 2685 est,
361 2622 503 2689 quod
559 2638 629 2674 sc.
680 2622 734 2672 in
777 2621 1018 2674 Concilio
1059 2622 1414 2690 Lugdunensi
1470 2640 1576 2673 non
1630 2621 1793 2673 fuerit
1850 2621 2085 2672 discussa
2125 2621 2260 2672 haec

48 2700 311 2770 professio
352 2703 494 2765 fidei,
536 2721 697 2756 causa
736 2705 893 2756 huius
934 2706 1010 2756 rei
1051 2705 1200 2756 nulla
1241 2705 1345 2756 alia
1386 2709 1481 2769 est,
1524 2722 1682 2772 quam
1711 2703 1854 2772 quod
1895 2703 2159 2771 agebatur
2193 2703 2260 2755 de

46 2801 103 2836 re
145 2803 250 2836 non
292 2804 447 2851 nova,
489 2805 595 2839 non
638 2788 703 2839 de
744 2806 799 2839 re
840 2787 1079 2839 nondum
1121 2789 1374 2857 eliquata,
1416 2787 1510 2839 sed
1552 2788 1617 2838 de
1658 2805 1741 2851 re,
1783 2787 1837 2837 in
1878 2792 2135 2855 quantum
2177 2805 2258 2838 re-

47 2865 322 2919 ferebatur
363 2869 428 2920 ad
470 2870 701 2921 Romani
744 2870 1019 2922 Pontificis
1059 2871 1385 2932 Primatum,
1427 2871 1530 2920 iam
1574 2869 1775 2920 dudum
1817 2887 1913 2938 per
1953 2870 2257 2921 universam

50 2948 348 3003 Ecclesiam
377 2957 620 3022 tempore
640 2953 824 3022 Papae
848 2954 1171 3005 Hormisdae
1201 2954 1252 3004 in
1274 2953 1515 3005 Concilio
1541 2953 2141 3020 Constantinopolitano
2162 2953 2258 3005 IV.

49 3034 365 3102 approbata,
417 3045 470 3088 et
511 3037 575 3088 de
618 3055 722 3105 qua
761 3038 901 3089 inter
940 3037 1163 3088 Latinos
1202 3038 1351 3088 nulla
1392 3037 1493 3087 fuit
1535 3037 1815 3088 dubitatio.

198 3118 385 3183 „Hanc
426 3119 589 3172 fuisse
620 3138 835 3172 causam
865 3121 1090 3172 omissae
1126 3120 1484 3185 discussionis,
1526 3125 1674 3187 patet
1702 3138 1770 3171 ex
1813 3119 2056 3187 epistola,
2099 3138 2259 3188 quam

50 3198 201 3269 Papa
242 3200 493 3254 Clemens
534 3204 631 3256 IV.
675 3203 741 3255 ad
781 3204 1173 3272 Imperatorem
1216 3202 1535 3254 Michaolem
1579 3203 1967 3271 palaeologum
2020 3203 2260 3265 dederat,

4 3290 8 3293 ’
51 3288 103 3334 et
142 3300 260 3335 cum
300 3286 414 3354 ipsa
454 3286 740 3338 formulam
771 3287 1014 3352 eandem,
1058 3305 1195 3355 quae
1237 3293 1424 3355 postea
1451 3287 1503 3336 in
1533 3286 1773 3337 Concilio
1803 3286 2158 3355 Lugdunensi
2188 3287 2261 3337 II.

50 3367 323 3434 praelecta
363 3368 479 3434 fuit,
520 3371 904 3422 transmiserat.
983 3369 1116 3421 Cum
1161 3370 1303 3421 enim
1345 3370 1647 3438 Imperator
1688 3369 1954 3421 Clementi
1995 3370 2092 3421 IV.
2135 3388 2258 3421 con-

49 3449 225 3500 silium
266 3470 419 3502 suum
462 3455 908 3505 communicasset
947 3455 1000 3504 in
1043 3453 1265 3505 Oriente
1308 3454 1637 3505 convocandi
1668 3453 1911 3514 Concilii,
1953 3458 2011 3504 ut
2052 3453 2117 3504 de
2159 3453 2260 3505 hac

49 3530 222 3585 forma
268 3536 692 3604 disceptaretur,
754 3537 905 3604 Papa
955 3536 1232 3604 respondit
1284 3537 1363 3587 his
1405 3537 1610 3588 verbis:
1667 3536 1854 3601 ,Porro
1905 3538 2256 3605 perscriptam

51 3616 407 3683 purissimam,
450 3620 799 3671 certissimam
841 3626 893 3671 et
933 3619 1306 3671 solidissimam
1337 3620 1671 3671 orthodoxae
1713 3618 1837 3670 fidei
1878 3620 2163 3670 veritatem
2205 3626 2259 3670 et

53 3700 398 3765 evangelicae
457 3701 730 3754 doctrinae
782 3720 1099 3768 consonam,
1156 3721 1185 3754 a
1238 3704 1435 3754 sanctis
1486 3702 1739 3754 Patribus
1796 3707 1848 3752 et
1888 3702 2253 3754 Romanorum

199 3878 208 3903 ¹
249 3878 301 3925 C.
340 3879 398 3926 V.
437 3880 571 3926 3941)
609 3896 716 3941 sqq.
