2548 4290
217 156 329 197 Pars
355 154 413 195 11.
462 152 612 195 Const.
647 152 700 193 de
730 153 850 194 Eccl.
915 151 1023 206 Cap.
1056 152 1112 192 ΙΙ.
1163 150 1568 192 Commentationes
1602 150 1655 191 de
1687 150 1917 202 aliquibus
1948 149 2074 189 locis.
2150 147 2248 198 125

669 370 1015 440 CAPUT
1078 369 1618 438 ALTERUM.

161 515 481 585 Aliquorum
518 514 761 569 locorum
802 513 1216 568 Constitutionis
1255 513 1465 584 primae
1507 511 1573 566 de
1615 511 1863 567 Ecclesia
1902 510 2125 565 uberior

992 601 1301 673 explicatio.

825 752 1376 807 COMMENTATIO
1418 752 1463 805 Ι.

155 879 262 924 Num
294 878 491 925 Christus
524 880 640 924 recte
674 879 842 924 dicatur
873 879 917 923 in
947 878 1077 923 Petro
1107 877 1352 922 instituisse
1384 876 1569 922 unitatis
1601 876 1850 934 principium
1884 888 1933 919 ac
1963 874 2130 919 visibile

983 950 1313 996 fundamentum.

181 1061 329 1113 Nihil
360 1068 440 1114 est
466 1062 730 1127 usitatius,
765 1078 925 1130 quam
951 1065 1011 1112 ut
1037 1061 1262 1113 Petrum
1288 1060 1569 1112 Ecclesiae
1598 1060 1820 1111 unitatis
1848 1058 2173 1127 principium
2202 1064 2255 1109 et

37 1144 246 1197 visibile
288 1144 703 1197 fundamentum
731 1145 988 1197 dicamus,
1042 1144 1123 1196 Ea
1151 1149 1333 1195 tamen
1375 1143 1539 1195 verba
1579 1143 1632 1194 in
1674 1141 1951 1211 prooemio
1983 1140 2254 1194 Constitu-

39 1227 199 1280 tionis
239 1233 496 1296 usurpata
535 1228 805 1297 aliquibus
832 1227 1083 1279 Patribus
1124 1246 1232 1279 non
1273 1227 1610 1296 placuerunt,
1652 1243 1752 1277 nec
1793 1226 1966 1277 solum
2005 1225 2060 1275 in
2087 1224 2254 1276 anim-

42 1310 474 1377 adversionibuS,
526 1329 658 1381 quas
699 1317 824 1363 ante
865 1311 1251 1363 discussionem
1292 1311 1607 1379 generalem
1653 1309 1939 1361 schematis
1980 1308 2046 1359 de
2087 1307 2255 1358 unde-

41 1394 177 1446 cimo
218 1395 394 1465 capite
445 1396 657 1465 pristini
706 1394 993 1447 schematis
1044 1395 1270 1463 scriptas
1309 1393 1670 1458 tradiderant,
1722 1393 1816 1444 illa
1854 1391 2022 1444 verba
2062 1392 2258 1442 mutari

31 1474 357 1543 voluerunt,
408 1477 503 1530 sed
543 1478 706 1530 etiam
747 1485 936 1547 postea
976 1477 1358 1545 deputatorum
1398 1477 1622 1528 Patrum
1672 1476 1944 1544 responsis
1985 1492 2093 1526 non
2134 1491 2258 1525 con-

40 1560 174 1613 tenti
213 1561 407 1612 iterum
449 1566 610 1630 atque
650 1562 810 1613 tertio
852 1561 995 1612 idem
1049 1561 1407 1630 postularunt.
1487 1560 1637 1619 Quae
1678 1559 1745 1611 de
1788 1576 1851 1610 ea
1892 1557 2256 1626 disputatione

41 1642 95 1695 in
135 1644 267 1696 actis
305 1644 600 1710 habentur,
653 1662 815 1713 quum
857 1644 984 1695 licet
1023 1662 1129 1696 non
1170 1644 1245 1695 ita
1284 1644 1471 1709 multa,
1514 1648 1696 1695 tamen
1737 1643 1895 1712 plura
1935 1642 2055 1708 sint,
2097 1659 2256 1711 quam

39 1730 99 1778 ut
136 1727 193 1778 in
232 1727 580 1780 adnotatione
618 1728 794 1780 textui
836 1727 1078 1780 subiecta
1114 1727 1305 1779 referri
1334 1728 1626 1795 potuerint,
1667 1728 1766 1778 hac
1806 1725 2258 1777 commentatione

44 1809 271 1863 collecta
309 1815 621 1880 sequantur.

191 1895 236 1948 1.
276 1892 462 1964 Atque
503 1895 729 1947 Petrum
779 1901 927 1947 recte
970 1894 1072 1947 dici
1106 1896 1429 1964 principium
1481 1894 1760 1963 utriusque
1803 1893 1951 1959 (fidei
1993 1898 2046 1944 ct
2085 1893 2257 1943 chari-

41 1977 189 2043 tatis)
230 1979 480 2043 unitatis,
532 1978 724 2030 Patres
765 1978 1129 2048 deputationis
1180 1978 1245 2030 de
1288 1978 1392 2030 fide
1435 1977 1729 2030 ostendunt
1779 1977 1832 2027 in
1874 1994 1937 2028 ea
1977 1976 2258 2041 relatione,

41 2078 201 2130 quam
250 2062 501 2131 scriptam
552 2062 711 2114 simul
763 2079 882 2114 cum
934 2062 1206 2114 schemate
1262 2062 1691 2130 Congregationi
1743 2060 1987 2129 generali
2049 2060 2258 2112 obtule-

41 2150 168 2197 runt
187 2144 221 2196 1.
279 2145 433 2211 „Dici
472 2145 526 2197 id
565 2163 721 2215 posse
757 2163 817 2198 ac
847 2146 1101 2211 debere“,
1144 2147 1410 2215 inquiunt,
1457 2145 1766 2211 „Ecclesiae
1807 2146 1996 2196 Patres
2038 2149 2090 2196 et
2118 2143 2260 2195 Doc-

42 2232 187 2280 tores
220 2229 457 2294 tradunt,
500 2234 765 2297 quatenus
805 2229 1058 2280 nimirum
1100 2230 1449 2280 constitutum
1478 2228 1579 2279 fuit
1608 2230 1661 2279 in
1689 2229 1852 2279 Petro
1881 2228 2045 2279 totius
2072 2227 2259 2279 Eccle-

45 2311 154 2364 siae
195 2318 372 2381 caput,
414 2330 518 2381 quo
560 2329 755 2382 corpus
795 2313 849 2363 in
890 2313 1097 2364 unitate
1141 2313 1472 2377 continetur,
1516 2317 1781 2380 quatenus
1822 2312 1875 2362 in
1916 2311 2009 2363 illo
2049 2311 2259 2362 institu-

43 2399 128 2446 tus
168 2394 269 2447 fuit
307 2396 627 2448 universalis
669 2397 909 2448 omnium
937 2396 1176 2448 fidelium
1206 2396 1393 2447 doctor
1422 2401 1475 2447 et
1503 2395 1847 2447 confirmator
1876 2394 2123 2460 fratrum,
2163 2412 2261 2462 per

46 2494 205 2547 quem
244 2479 421 2531 unitas
474 2478 598 2531 fidei
639 2485 1012 2544 conservatur,
1070 2487 1121 2531 et
1177 2486 1442 2548 quatenus
1497 2479 1551 2529 in
1611 2479 1803 2530 eodem
1843 2479 2118 2530 institutus
2160 2478 2262 2529 fuit

43 2578 326 2629 supremus
382 2562 617 2614 universi
669 2564 849 2631 gregis
890 2568 1100 2631 pastor,
1159 2580 1189 2613 a
1230 2580 1332 2631 quo
1385 2562 1563 2612 unitas
1615 2562 1770 2613 ovilis
1811 2562 2135 2614 custoditur:
2194 2562 2260 2613 (le

44 2644 236 2713 quibus
275 2645 414 2697 inter
453 2645 586 2697 alios
624 2646 881 2714 probatos
909 2652 1156 2698 auctores
1189 2646 1458 2697 disserunt
1483 2645 1629 2697 Petr.
1659 2646 1940 2711 Ballerini,
1981 2645 2065 2697 De
2106 2646 2160 2696 vi
2200 2663 2259 2697 ac

42 2733 142 2779 rat.
184 2727 405 2780 Primat.
448 2745 491 2780 c.
538 2730 647 2794 10.,
699 2728 857 2780 Card.
900 2728 1105 2794 Gerdil,
1154 2728 1354 2798 Opus0.
1397 2730 1428 2778 4
1470 2728 1537 2779 ad
1578 2727 1845 2781 hierarch.
1886 2728 2094 2780 Eccles.
2138 2745 2261 2780 con-

43 2810 210 2862 stitut.
252 2811 543 2879 pertinent.
585 2828 707 2881 opp.
748 2817 785 2863 t.
826 2811 926 2863 XI.
966 2830 1016 2881 p.
1063 2813 1162 2863 103
1202 2829 1315 2880 sqq.

191 2893 332 2959 „Sed
368 2894 437 2945 ad
477 2912 591 2945 rem
631 2900 754 2946 sunt
793 2895 926 2948 haec
966 2913 1034 2947 ex
1072 2894 1410 2946 Catechismo
1453 2895 1521 2947 ad
1547 2894 1821 2947 Parochos
1856 2894 1910 2945 in
1947 2899 2044 2946 art.
2074 2894 2260 2965 Symb.

46 2976 240 3043 ,Credo
280 2982 520 3029 sanctam
547 2977 888 3031 Ecclesiam‘:
932 2979 1104 3046 ,Unus
1132 2985 1211 3030 est
1251 2981 1413 3031 etiam
1442 2980 1555 3031 eius
1595 2984 1772 3030 rector
1812 2995 1872 3029 ac
1911 2977 2260 3046 gubernator,

46 3060 330 3113 invisibilis
382 3061 601 3131 quidem
643 3062 911 3128 Christus,
968 3081 1129 3133 quem
1185 3070 1438 3115 aeternus
1478 3064 1640 3114 Pater
1693 3061 1842 3114 dedit
1896 3067 2058 3130 caput
2098 3080 2260 3131 super

49 3161 262 3197 omnem
301 3144 632 3210 Ecclesiam,
685 3164 821 3215 quae
863 3152 944 3199 est
985 3164 1179 3216 corpus
1220 3148 1363 3212 eius3
1424 3146 1648 3198 visibilis
1688 3151 1869 3198 autem
1907 3146 1965 3211 is,
2022 3146 2113 3215 qui
2152 3146 2261 3198 Ro-

7 3292 12 3295 <
47 3245 260 3279 manain
303 3227 663 3295 Cathedram,
718 3230 865 3282 Petri
906 3230 1295 3299 Apostolorum
1349 3230 1605 3299 principis
1655 3230 1930 3298 legitimus
1970 3246 2260 3292 successor,

46 3315 223 3363 tenet:
267 3311 331 3364 de
373 3330 476 3381 quo
516 3313 616 3365 fuit
654 3313 747 3365 illa
789 3315 1026 3365 omnium
1061 3314 1285 3366 Patrum
1325 3314 1461 3364 ratio
1504 3319 1556 3365 et
1597 3313 1864 3365 sententia
1904 3313 2262 3380 consentienS,

48 3394 150 3447 hoc
189 3394 399 3447 visibile
442 3401 603 3465 caput
642 3396 709 3448 ad
749 3397 1011 3449 unitatem
1054 3397 1331 3449 Ecclesiae
1374 3397 1804 3448 constituendam
1845 3401 1899 3448 et
1938 3413 2261 3449 conservan-

51 3475 174 3528 dam
221 3479 584 3530 necessarium
624 3478 817 3546 fuisse,
876 3480 1017 3549 quod
1070 3480 1346 3549 praeclare
1402 3485 1454 3532 et
1504 3479 1638 3531 vidit
1689 3484 1741 3531 et
1796 3480 2007 3547 scripsit
2045 3485 2260 3531 sanctus

49 3558 431 3629 Hieronymus),
473 3566 526 3613 et
552 3566 739 3614 contra
765 3562 1107 3614 Iovinianum
1142 3562 1224 3614 his
1253 3562 1456 3614 verbis:
1497 3562 1652 3613 Unus
1694 3562 1928 3630 eligitur,
1970 3567 2043 3628 ut,
2084 3564 2260 3631 capite

52 3643 368 3706 constitum,
420 3644 719 3697 schismatis
759 3646 981 3698 tollatur
1022 3646 1259 3710 occasi03
1312 3651 1366 3698 et
1404 3645 1474 3696 ad
1512 3645 1832 3697 Damasum:
1888 3645 2142 3697 Facessat
2181 3646 2260 3698 in-

50 3724 221 3789 vidia3
262 3725 494 3778 Romani
536 3727 782 3780 culminis
819 3728 1041 3780 recedat
1080 3727 1327 3780 ambitio:
1371 3744 1492 3778 cum
1533 3744 1839 3779 successore
1869 3728 2165 3796 piscatoriS,
2208 3735 2261 3780 et

198 3884 212 3911 ¹
250 3885 326 3933 Cf.
363 3901 514 3949 supra
551 3902 657 3949 cap.
694 3887 733 3935 I.
770 3903 817 3949 p.
860 3888 966 3934 112.
