2548 4290
270 200 306 241 Ι.
351 198 473 241 Ordo
506 200 553 239 in
585 198 774 238 decretis
806 196 934 237 cond.
967 199 1186 236 servatus.
1231 195 1401 235 Eorum
1433 197 1478 234 in
1511 193 1631 236 Sess.
1662 194 1847 246 publica
1879 192 2170 233 confirmatio.
2298 192 2325 241 7

104 360 173 395 an
206 341 465 410 suffragio
500 339 750 406 „Placet“
795 338 1139 406 significaret,
1181 355 1238 389 se
1278 337 1603 389 sententiam
1644 342 1897 403 mutasse,
1937 337 2026 389 vel
2058 336 2328 390 Constitu-

102 426 306 479 tionem
344 442 454 476 non
493 427 754 474 mutatam
795 421 982 473 mallet
1023 421 1233 472 definiri
1275 438 1434 489 quam
1477 421 1696 472 omnino
1738 420 1907 472 reiici.

247 506 653 559 Deliberatione
696 504 762 556 de
803 504 1201 555 conditionibus
1234 503 1459 554 adiectis
1487 503 1653 569 finita,
1695 502 2120 571 Congregationi
2161 520 2327 571 gene-

102 592 202 644 rali
227 591 362 643 nihil
388 592 493 642 iam
522 587 793 658 agendum
823 592 1122 655 supererat,
1153 587 1249 639 sed
1275 586 1486 638 levibus
1516 586 1839 656 quibusdam
1866 586 2030 638 rebus
2056 586 2125 638 ad
2153 586 2327 638 solum

104 676 287 727 stilum
326 672 692 744 spectantibus
721 690 752 723 a
780 671 1132 740 deputatione
1161 671 1379 722 mutatis
1402 669 1419 702 ¹
1461 670 1788 723 Constitutio
1817 670 2043 739 singulis
2072 670 2328 722 Patribus

101 759 411 811 mittebatur
429 763 608 825 atque,
636 755 825 806 ultimo
846 773 1031 807 eorum
1050 754 1321 823 suffragiis
1340 754 1723 806 subiiciebatur
1745 754 1800 805 in
1820 753 2069 806 Sessione
2090 753 2326 823 publica.

244 841 539 909 Postquam
590 840 645 890 in
697 856 760 891 ea
801 838 1158 903 Constitutio,
1205 838 1259 889 in
1302 837 1741 907 Congregatione
1796 837 2041 905 generali
2093 836 2326 901 condita,

100 926 242 978 lecta
282 930 413 989 erat,
454 923 787 991 rogabantur
814 923 1023 988 PatreS,
1063 939 1193 973 num
1227 922 1507 991 placerent
1547 938 1780 973 canones
1822 926 1874 972 et
1915 920 2149 985 decreta,
2191 937 2328 988 quae

100 1010 242 1062 lecta
267 1014 462 1060 essent.
516 1007 748 1071 Deinde,
790 1014 848 1057 ut
876 1006 1261 1076 praescribitur
1290 1006 1343 1056 in
1371 1005 1568 1057 Literis
1599 1004 1928 1074 Apostolicis
1960 1003 2329 1072 „Multiplices

100 1091 293 1157 inter“,
335 1090 702 1160 procedebant
744 1094 861 1142 octo
904 1093 1229 1141 scrutatores
1263 1088 1667 1157 suffragiorum,
1708 1090 1763 1140 in
1803 1093 2035 1157 quatuor
2076 1087 2330 1138 distincta

102 1177 253 1246 paria
301 1176 599 1239 distributi,
652 1193 772 1226 cum
813 1178 1043 1244 quatuor
1083 1174 1305 1226 notariis
1355 1174 1427 1226 ad
1476 1174 1739 1243 suffragia
1791 1174 2108 1242 singillatim
2164 1177 2217 1224 et
2259 1190 2327 1224 ex

102 1260 289 1312 ordine
320 1258 646 1328 excipienda
670 1275 841 1327 eaque
871 1258 1268 1310 describebant.
1320 1257 1594 1325 Suffragia
1622 1263 1803 1309 autem
1834 1256 2330 1326 pronuntiabantur

102 1344 156 1394 in
197 1342 363 1394 verba
407 1342 659 1408 „Placet“
705 1341 791 1393 vel
836 1340 993 1407 „Non
1033 1341 1266 1411 placet“,
1324 1341 1547 1392 excluso
1598 1341 1857 1410 suffragio
1904 1341 2126 1407 „Placet
2176 1340 2331 1391 iuxta

103 1425 372 1478 lnodum“.
436 1424 769 1477 Absentibus
810 1425 891 1475 ius
932 1443 1040 1476 non
1083 1430 1198 1476 erat
1251 1424 1572 1493 suffragium
1611 1426 1874 1495 scriptum
1915 1425 1982 1476 ad
2024 1423 2328 1476 Concilium

103 1509 369 1562 mittendi.
447 1509 721 1577 Suffragia
772 1509 1000 1560 collecta
1051 1509 1197 1577 apud
1247 1508 1561 1561 cathedram
1617 1509 1984 1578 pontificalem
2024 1526 2056 1559 a
2097 1506 2329 1559 Concilii

104 1593 405 1646 Secretario
435 1599 489 1645 et
527 1592 917 1645 scrutatoribus
956 1592 1382 1644 numerabantur
1400 1590 1437 1643 ².
1499 1593 1772 1661 Suffragia
1811 1594 1994 1661 igitur,
2034 1597 2093 1643 ut
2133 1591 2330 1642 clarius

103 1694 173 1729 ex
213 1678 523 1730 Sessionum
563 1677 787 1728 historia
826 1682 1003 1745 patet,
1053 1695 1084 1728 a
1123 1677 1377 1728 Patribus
1429 1677 1922 1746 pronuntiabantur
1976 1694 2096 1729 voce.
2176 1675 2329 1727 Post-

103 1778 262 1830 quam
303 1761 493 1812 Patres
534 1761 706 1830 rogati
748 1767 928 1823 erant,
988 1778 1115 1811 num
1169 1761 1446 1831 placerent
1500 1778 1735 1813 canones
1790 1768 1843 1813 et
1885 1760 2129 1825 decreta,
2189 1776 2329 1827 quae

100 1844 242 1895 lecta
281 1849 419 1908 sunt,
462 1844 900 1896 Subsecretarius
942 1843 1169 1895 Concilii
1210 1862 1278 1895 ex
1319 1844 1550 1896 ambone
1592 1845 1811 1896 nomina
1850 1843 2186 1912 singulorum
2228 1842 2330 1893 Pa-

100 1932 242 1978 trum
282 1927 436 1979 iuxta
476 1927 719 1979 ordinem
760 1927 1036 1996 dignitatis
1078 1933 1131 1979 et
1171 1928 1524 1995 promotionis
1564 1946 1762 1996 magna
1813 1945 1943 1979 voce
2000 1925 2330 1996 appellabat,

102 2016 170 2075 et,
215 2028 379 2079 quum
419 2011 618 2079 singuli
660 2011 1064 2081 respondebant
1108 2011 1360 2075 „Placet“
1406 2012 1492 2063 vel
1539 2011 1693 2077 „Non
1734 2012 1960 2078 placet“,
2002 2015 2330 2063 scrutatores

102 2098 155 2145 et
193 2095 387 2146 notarii
429 2112 616 2146 eorum
656 2113 915 2164 responsa
955 2095 1153 2163 scripto
1196 2095 1544 2163 excipiebant
1566 2093 1604 2148 3.
1659 2095 1998 2163 Simulatque
2042 2094 2185 2145 enim
2227 2093 2330 2144 Pa-

100 2181 226 2243 treS,
267 2181 325 2228 ut
367 2177 616 2239 diximus,
659 2179 834 2246 rogati
863 2185 1032 2241 erant,
1075 2196 1202 2228 num
1232 2179 1512 2247 placerent
1540 2196 1774 2230 canones
1812 2185 1864 2229 et
1893 2178 2129 2241 decreta,
2176 2194 2331 2245 „pro-

101 2259 300 2311 cedunt
338 2266 663 2313 scrutatores
714 2262 1095 2330 suffragiorum
1137 2261 1249 2312 bini
1290 2280 1352 2313 ac
1392 2261 1536 2327 bini,
1588 2262 1908 2330 quibuscum
1951 2261 2147 2313 notarii
2189 2259 2327 2311 Con-

101 2342 209 2393 cilii
250 2343 325 2395 ita
364 2344 689 2412 iunguntur,
742 2350 801 2396 ut
842 2345 947 2396 duo
1001 2350 1326 2397 scrutatores
1366 2364 1532 2397 unum
1577 2364 1646 2397 ex
1689 2345 1918 2397 Concilii
1975 2345 2198 2397 notariis
2238 2344 2330 2395 ad-

99 2427 341 2479 iunctum
404 2428 658 2481 habeant.
746 2429 822 2480 Hi
877 2447 1004 2480 vero
1060 2447 1255 2480 munus
1311 2430 1604 2498 colligendi
1660 2430 1886 2481 Patrum
1942 2429 2201 2497 suffragia
2255 2429 2332 2480 ita

103 2509 322 2577 obeunt,
362 2516 420 2562 ut
460 2529 556 2581 per
598 2517 827 2581 quatuor
857 2513 1184 2581 principales
1226 2513 1381 2565 aulae
1412 2513 1641 2565 Concilii
1682 2518 1863 2582 partes
1890 2512 2161 2564 distributi
2190 2513 2331 2564 terni

100 2592 258 2644 simul
300 2593 429 2660 (duo
472 2612 665 2663 nempe
708 2601 1033 2648 scrutatores
1075 2602 1128 2647 et
1168 2614 1305 2647 unus
1334 2596 1561 2648 Concilii
1604 2598 1867 2662 notarius)
1908 2596 2168 2648 accedant
2208 2615 2330 2665 par-

101 2681 209 2728 tem
249 2678 403 2729 aulae
444 2679 545 2729 sibi
572 2697 669 2748 pro
710 2680 810 2731 hac
850 2698 907 2732 re
936 2680 1281 2748 assignatam,
1323 2680 1506 2749 ibique
1547 2681 1893 2748 singillatim“
1940 2680 2329 2746 Cardinalium,

101 2757 539 2812 Patriarcharum
566 2762 1007 2833 reliquorumque
1036 2764 1260 2815 Patrum
1288 2764 1549 2832 suffragia
1578 2765 1870 2833 exquirunt
1900 2765 2053 2816 iuxta
2082 2764 2329 2816 ordinem

100 2842 353 2908 sedendi,
410 2844 853 2914 singulorumque
904 2846 1165 2916 suffragia
1218 2847 1530 2898 describunt
1549 2847 1585 2899 ⁴.
1677 2847 1961 2916 'Suffragiis
2016 2866 2046 2898 a
2100 2847 2329 2898 Concilii

102 2924 406 2979 Secretario
448 2934 502 2979 et
541 2930 927 2981 scrutatoribus
966 2932 1262 2982 numeratis
1303 2936 1356 2982 et
1398 2931 1662 2982 relatione
1705 2931 1926 2983 Summo
1968 2931 2221 2982 Pontifici
2262 2931 2330 2982 de

101 3009 165 3060 iis
206 3010 366 3077 facta,
407 3012 450 3062 is
479 3011 932 3065 Constitutionem
974 3015 1314 3084 approbabat
1356 3019 1516 3083 atque
1559 3015 1912 3067 confirmabat
1942 3033 2167 3083 eamque
2210 3033 2329 3083 pro-

102 3093 334 3161 mulgari
384 3094 606 3146 iubebat
629 3095 663 3146 5.
740 3095 933 3165 Neque
986 3102 1168 3149 tamen
1227 3098 1333 3150 alia
1388 3099 1858 3167 promulgatione,
1918 3105 2134 3168 praeter
2191 3117 2328 3166 eam,

8 3220 11 3223 .
103 3192 240 3243 quae
279 3177 334 3227 in
375 3178 492 3246 ipsa
533 3178 781 3231 Sessione
833 3180 1051 3249 publica
1090 3182 1268 3232 locum
1309 3181 1561 3247 habebat,
1604 3199 1738 3251 opus
1779 3187 1910 3247 erat,
1952 3188 2009 3233 ut
2052 3182 2326 3234 Constitu-

103 3258 276 3310 tiones
315 3262 422 3312 vim
462 3262 598 3330 legis
636 3262 944 3315 obtinerent
964 3263 999 3315 ⁶.

252 3410 265 3435 ¹
304 3411 430 3459 Ibid.
476 3414 641 3460 167cd
679 3429 788 3474 sqq.
831 3415 1015 3462 1695d.
1058 3417 1240 3464 17026.

253 3484 269 3511 ²
310 3487 640 3549 „Multiplices
677 3488 836 3537 inter“
879 3490 903 3549 ξ
940 3492 1030 3538 VI.
1069 3491 1122 3539 O.
1161 3492 1220 3539 V.
1259 3494 1382 3541 2110.
1433 3494 1629 3552 §VIIL
1668 3494 1722 3542 C.
1749 3495 1809 3542 V.
1847 3497 1907 3540 23
1925 3510 1964 3541 c.
1985 3495 2030 3541 d.

250 3560 265 3587 ⁸
304 3562 357 3609 O.
395 3563 456 3610 V.
494 3566 585 3610 257
603 3581 646 3612 a.
691 3567 784 3611 487
802 3582 842 3613 c.

248 3636 267 3663 ⁴
303 3637 438 3684 Ordo
465 3642 774 3700 agendorum
803 3642 1116 3691 Officialibus
1142 3642 1353 3690 Concilii
1380 3645 1630 3692 Vaticani.
1680 3646 1733 3693 O.
1762 3647 1822 3693 V.
1855 3649 1977 3693 1070
1992 3664 2036 3694 a.
2081 3648 2326 3694 lo7le.d.

250 3712 266 3738 ⁵
307 3714 637 3776 „Multiplices
674 3715 834 3763 inter“
876 3717 900 3776 ξ
937 3718 1084 3766 VIII.
1124 3718 1177 3766 O.
1215 3720 1275 3767 V.
1313 3723 1373 3766 24
1393 3736 1436 3767 a.

250 3788 266 3815 θ
303 3790 503 3837 Literae
540 3791 742 3840 Cardin.
779 3794 1038 3841 Antonelli
1075 3796 1138 3841 ad
1173 3796 1408 3844 Nuntios,
1469 3797 1522 3845 C.
1561 3798 1622 3845 V.
1664 3800 1785 3845 1715
1807 3799 1852 3846 d.
