2548 4290
892 173 1093 216 Canones
1119 178 1288 229 'capitis
1317 176 1352 215 I.
1386 176 1443 216 11.
2202 179 2266 229 97

203 322 295 368 aut
334 316 569 386 denique
597 316 775 368 Deum
815 334 931 369 esse
973 335 1066 369 ens
1104 318 1410 370 universale
1451 337 1545 371 seu
1573 321 1928 387 indefinitum,
1971 323 2115 391 quod
2155 341 2271 375 sese

64 399 471 453 determinando
513 400 806 451 constituat
843 417 1023 452 rerum
1061 402 1469 454 universitatem
1507 403 1562 455 in
1602 421 1820 471 genera,
1861 406 2066 474 species
2107 411 2160 458 et
2194 407 2272 457 in-

64 481 281 536 dividua
322 481 658 548 distinctam3
698 482 987 535 anathema
1025 484 1093 535 sit
1113 483 1148 535 1.

205 569 253 620 5.
294 569 350 620 Si
391 569 508 637 quis
548 586 657 620 non
698 569 1044 634 confiteatur,
1095 570 1384 637 mundum,
1436 589 1628 640 resque
1670 589 1881 639 omnes,
1938 592 2074 644 quae
2114 577 2168 626 in
2208 593 2272 628 eo

63 652 426 717 continentur,
479 656 534 703 et
571 652 879 720 spirituales
920 658 973 704 et
1012 654 1347 718 materialeS,
1402 654 1699 706 secundum
1752 660 1918 707 totam
1960 676 2110 710 suam
2150 659 2272 710 sub-

62 735 311 788 stantiam
351 752 382 786 a
420 734 541 786 Deo
582 752 652 787 ex
692 735 862 788 nihilo
904 753 1019 788 esse
1060 736 1378 806 productas3

202 825 294 873 aut
331 820 511 872 Deum
553 821 752 872 dixerit
792 838 900 872 non
937 821 1219 874 voluntate
1260 822 1327 874 ab
1369 823 1514 874 omni
1555 824 1877 877 necessitate
1928 826 2127 892 libera,
2178 829 2272 880 sed

64 910 170 957 tam
208 905 512 975 necessario
555 921 783 969 creasse,
826 921 987 973 quam
1028 906 1335 958 necessario
1376 911 1521 958 amat
1560 907 1822 976 seipsum3

203 993 294 1042 aut
315 989 575 1040 mundum
598 989 667 1041 ad
684 989 788 1041 Dei
815 989 1044 1057 gloriam
1067 990 1343 1042 conditum
1367 1008 1482 1043 esse
1505 994 1813 1060 negaverit3
1843 997 2133 1050 anathema
2154 1000 2220 1050 sit
2237 997 2275 1062 ²,

1135 1171 1209 1222 II.

983 1301 1041 1345 De
1073 1299 1350 1346 revelatione.

209 1416 254 1467 1.
298 1415 353 1467 Si
393 1417 511 1485 quis
552 1417 779 1484 dixerit,
819 1419 999 1471 Deum
1040 1437 1207 1470 unum
1248 1428 1302 1471 et
1340 1436 1560 1485 verum,
1602 1418 1957 1471 Creatorem3
1998 1429 2050 1473 et
2091 1423 2275 1475 Domi-

65 1515 191 1550 num
237 1502 505 1566 nostrum,
562 1517 659 1569 per
706 1518 800 1567 ea,
859 1519 996 1571 quae
1051 1503 1195 1554 facta
1245 1508 1398 1569 sunt,
1454 1503 1690 1554 naturali
1744 1503 1965 1555 rationis
2007 1504 2275 1558 humanae

66 1582 265 1634 lumine
307 1588 454 1635 certo
497 1584 749 1652 cognosci
788 1603 896 1637 non
937 1587 1491 1651 posse⁴;.anathema
1530 1587 1610 1638 sit.

209 1669 257 1720 2.
299 1668 354 1721 Si
396 1670 513 1738 quis
554 1671 771 1738 dixerit,
810 1673 925 1724 fieri
964 1691 1071 1725 non
1112 1691 1284 1742 posse,
1326 1679 1553 1725 autnon
1583 1674 1863 1743 expedire,
1903 1681 1961 1727 ut
1988 1694 2086 1745 per
2124 1695 2276 1730 reve-

65 1752 320 1805 lationem
372 1752 609 1806 divinam
659 1756 819 1807 homo
871 1757 937 1808 de
977 1757 1125 1818 De0,
1181 1758 1438 1826 cultuque
1491 1758 1540 1809 ei
1591 1758 1902 1810 exhibendo
1955 1760 2275 1827 edoceatur,

66 1836 351 1888 anathema
390 1837 474 1889 sit.

209 1924 258 1974 3.
300 1922 501 1991 Siquis
527 1924 743 1989 dixerit,
784 1925 1058 1977 hominem
1096 1925 1164 1976 ad
1192 1926 1559 1993 cognitionem
1600 1932 1653 1977 et
1692 1926 2098 1995 perfectionem,
2141 1947 2279 1998 quae

68 2006 365 2058 naturalem
406 2012 641 2076 superet,
685 2007 943 2059 divinitus
984 2010 1142 2061 evehi
1181 2027 1289 2061 non
1328 2027 1503 2078 posse,
1545 2010 1640 2061 sed
1670 2027 1739 2061 ex
1780 2010 1957 2080 seipso
1997 2012 2066 2064 ad
2107 2015 2278 2066 omnis

67 2089 284 2141 tandem
333 2091 448 2142 veri
489 2095 542 2141 et
581 2091 708 2143 boni
760 2093 1151 2161 possessionem
1199 2093 1311 2161 iugi
1364 2093 1612 2160 profectu
1664 2094 1973 2162 pertingere
2028 2113 2184 2165 posse
2225 2103 2279 2150 et

69 2170 292 2237 debere3
333 2174 620 2225 anathema
660 2174 742 2226 sit.

213 2376 226 2402 ¹
262 2377 338 2424 De
362 2377 458 2425 hoc
484 2392 675 2425 canone
700 2384 878 2440 postea
902 2379 1074 2426 addito
1099 2396 1143 2426 v.
1172 2395 1323 2440 supra
1350 2395 1455 2440 cap.
1476 2381 1513 2426 I.
1539 2379 1764 2426 Historia
1782 2380 1987 2440 originis
2014 2387 2109 2429 etc.
2135 2399 2180 2443 p.
2202 2384 2277 2430 21.

66 2478 126 2485 ———
161 2452 235 2499 De
272 2453 460 2513 tribus,
499 2468 629 2514 quae
664 2454 813 2501 hodie
849 2454 1048 2515 vigent,
1102 2456 1403 2515 pantheismi
1440 2456 1704 2515 speciebus
1743 2471 1830 2502 scu.
1868 2456 2029 2503 modis
2067 2458 2189 2504 hacc
2226 2459 2275 2505 in

65 2527 479 2575 adnotationibus
516 2530 758 2576 schemati
795 2531 856 2577 de
894 2531 1123 2577 doctrina
1160 2531 1413 2577 catholica
1459 2530 1669 2576 adiectis
1705 2531 1987 2578 habentur:
2041 2533 2162 2592 „Vel
2191 2572 2199 2581 .
2229 2572 2238 2582 .
2268 2573 2277 2582 .

24 2612 26 2616 ’
67 2603 234 2651 omnia
268 2604 545 2665 singularia
582 2605 820 2652 dicuntur
855 2607 1207 2654 tantummodo
1245 2608 1590 2668 phaenomena
1627 2614 1675 2653 et
1701 2609 2107 2667 manifestationes
2142 2611 2279 2658 illius

67 2680 317 2727 essentiae
364 2680 691 2735 universalis,
753 2682 830 2728 vel
880 2681 996 2728 Esse
1041 2698 1251 2742 purum,
1311 2683 1448 2743 quod
1499 2683 1647 2728 etiam
1701 2682 1875 2729 dicunt
1925 2684 2040 2731 Esse
2089 2686 2278 2734 absolu-

66 2761 191 2815 tum,
240 2756 289 2801 h.
327 2770 368 2802 e.
405 2757 548 2802 cuius
583 2757 724 2804 nulla
769 2758 869 2803 alia
916 2763 992 2805 est
1039 2759 1391 2806 determinatio
1429 2762 1519 2805 aut
1554 2758 1719 2817 noti0,
1769 2774 1917 2819 quam
1966 2762 2277 2809 abstractum

66 2830 197 2892 Esse,
234 2832 419 2879 dicitur
456 2847 565 2879 sese
601 2834 835 2880 evolvere
872 2838 921 2881 et
956 2834 1064 2880 fieri
1101 2835 1492 2881 determinatum
1518 2835 1568 2879 in
1594 2834 1687 2880 hoc
1713 2835 1964 2894 universo,
2004 2838 2138 2897 quod
2173 2840 2281 2884 uni-

66 2923 264 2972 versum
318 2908 529 2968 proinde
580 2909 644 2955 sit
693 2910 980 2957 necessaria
1032 2914 1082 2957 et
1132 2914 1379 2971 perpetua
1430 2910 1650 2957 evolutio
1702 2926 1790 2957 seu
1848 2914 2099 2971 emplefcatio
2149 2915 2280 2961 illias

70 2985 234 3031 unicae
268 2986 517 3043 assentiam
563 2985 644 3031 vel
692 2985 909 3047 denique
956 2987 1161 3047 ponitur
1209 2987 1444 3033 crassiori
1478 2986 1625 3033 modo
1662 2987 1811 3033 unica
1849 2989 2164 3048 substantia,
2217 3007 2279 3038 ex

72 3073 169 3118 qua
203 3074 293 3121 per
328 3062 672 3107 emanationem
707 3062 1033 3122 progreditur
1067 3063 1147 3109 vel
1184 3063 1457 3109 dimittitur
1494 3062 1571 3119 (ut
1608 3062 1757 3108 etiam
1794 3063 1950 3123 aliqui
1986 3064 2148 3123 aiunt)
2184 3066 2278 3113 hoc

69 3135 383 3195 universum,
434 3137 568 3197 quod
606 3137 815 3197 proinde
849 3153 950 3184 non
987 3139 1215 3185 diversae
1253 3139 1339 3185 sed
1378 3138 1599 3184 eiusdem
1638 3140 1885 3185 essentiae
1934 3145 2036 3199 est,
2087 3157 2145 3188 ac
2183 3143 2279 3202 pri-

65 3211 242 3258 mitiva
275 3211 362 3258 illa
399 3212 711 3272 substantia,
748 3228 812 3259 ex
848 3228 948 3273 qua
983 3217 1210 3272 emanat,
1250 3218 1299 3261 et
1334 3229 1513 3260 revera
1549 3229 1700 3260 unam
1739 3230 1848 3260 cum
1887 3215 1973 3262 illa
2010 3218 2279 3264 essentiam

19 3305 24 3308 ·
72 3284 377 3334 constituit.“
451 3285 683 3345 (Schema
720 3292 813 3336 etc.
885 3288 938 3336 O.
975 3289 1035 3336 V.
1072 3291 1164 3335 519
1181 3305 1222 3336 c.
1249 3288 1316 3346 d.)

215 3366 231 3392 2
267 3366 493 3413 Alteram
530 3371 723 3428 partem
763 3369 968 3415 canonis
1006 3371 1182 3415 contra
1208 3383 1405 3415 errores
1433 3368 1825 3428 GiintherianOS,
1864 3371 2065 3416 tertiam
2103 3378 2282 3420 contra

66 3440 426 3489 Hermesianos
478 3448 527 3489 et
578 3443 956 3490 Giintherianos
1010 3444 1183 3504 dirigi,
1234 3448 1379 3491 notat
1429 3444 1786 3505 Strigoniensis
1836 3446 2282 3509 Archiepiscopus.

71 3516 286 3572 (Relatio
325 3521 417 3565 etc.
487 3518 540 3565 O.
576 3519 637 3566 V.
674 3521 733 3566 86
750 3519 818 3578 b.)

213 3597 229 3624 ³
265 3598 401 3645 Nihil
439 3599 600 3646 decidi
647 3600 706 3646 de
743 3601 1067 3661 quaestione,
1114 3616 1233 3646 num
1270 3601 1459 3647 creatio
1506 3601 1707 3662 proprie
1754 3601 1889 3647 dicta
1926 3601 2030 3647 solo
2069 3603 2280 3650 rationis

70 3672 256 3720 lumine
292 3675 527 3735 cognosci
562 3676 746 3735 possit,
796 3681 844 3723 et
880 3676 1137 3724 Creatoris
1183 3691 1366 3723 nomen
1412 3676 1705 3738 simpliciter
1751 3680 2010 3737 receptum
2059 3693 2169 3724 esse
2215 3695 2279 3726 ex

71 3747 185 3795 libri
210 3748 323 3811 Sap.
359 3765 466 3811 cap.
496 3752 569 3797 13.
607 3751 883 3813 eodemque
921 3768 1071 3799 sensu
1107 3751 1491 3813 intelligendum
1529 3767 1653 3810 esse,
1692 3767 1790 3812 quo
1828 3752 1907 3798 hic
1944 3759 2194 3814 occurrat,
2236 3770 2279 3801 v.

73 3837 225 3885 supra
258 3840 366 3886 cap.
403 3826 472 3871 II.
511 3830 776 3874 comment.
812 3828 882 3875 II.
918 3829 972 3875 P.
1010 3829 1078 3875 II.
1115 3844 1161 3889 p.
1198 3830 1259 3873 42
1298 3843 1405 3889 sqq.

218 3902 237 3929 ⁴⁴*
270 3904 345 3951 De
382 3919 531 3951 sensu
569 3906 773 3952 canonis
810 3922 855 3953 v.
890 3906 1009 3954 ibid.
1047 3907 1100 3954 P.
1137 3909 1178 3954 Ι.
1214 3923 1260 3967 p.
1298 3909 1357 3953 33
1396 3922 1504 3968 sqq.

163 3988 488 4026 Granderath‚
520 3990 679 4021 Constit.
702 3990 869 4029 dogmat.
1908 3989 1929 4026 7
