2548 4290
712 195 956 236 Commeat.
988 194 1068 234 ΠΙ.
1124 194 1193 233 De
1225 192 1269 234 S.
1303 191 1553 245 Scriptura.
2170 186 2239 237 47

781 363 1333 419 COMMENTATIO
1374 362 1479 416 III.

472 490 575 543 Quid
608 488 835 534 Concilium
868 487 1126 533 Vaticanum
1158 486 1206 531 de
1239 485 1281 530 S.
1316 484 1541 543 Scriptura
1574 483 1794 529 definierit.

171 602 471 654 Concilium
500 599 841 665 Vaticanum,
883 604 1168 668 postquam
1210 596 1419 648 duabus
1454 596 1641 665 primis
1667 595 2023 664 paragraphis
2052 595 2242 663 capitis

24 686 246 738 secundi
274 685 339 737 de
369 684 716 737 revelationis
744 684 972 735 veritate
996 689 1049 734 et
1075 682 1142 733 de
1172 680 1466 734 commodis
1494 697 1558 731 ea
1587 679 1780 731 oblatis
1808 679 2029 747 eiusque
2058 695 2242 730 neces-

29 770 185 822 sitate
225 770 352 837 egit,
394 768 601 820 duabus
640 767 844 819 ultimis
885 767 998 835 agit
1037 766 1102 818 de
1143 764 1400 830 fontibus,
1443 764 1637 833 quibus
1672 763 1929 815 veritates
1969 762 2243 814 revelatae

29 852 390 916 continentur,
433 852 498 903 de
541 850 860 902 Traditione
903 856 956 901 et
995 849 1047 901 S.
1090 849 1385 916 Scriptura.

168 934 461 1000 Doctrina,
513 952 672 1004 quam
715 933 780 985 de
823 933 875 985 S.
917 933 1196 1000 Scriptura
1235 931 1514 1001 proponit,
1566 931 1912 982 continentur
1951 929 2071 994 tria,
2114 946 2243 997 quo-

26 1035 144 1070 rum
182 1018 416 1088 primum
456 1018 523 1070 ad
564 1018 677 1070 eius
717 1017 1005 1082 ambitum,
1048 1016 1277 1067 alterum
1317 1015 1386 1067 ad
1426 1015 1861 1084 inspirationem,
1913 1013 2133 1065 tertium
2174 1012 2242 1064 ad

28 1101 526 1171 interpretationem
586 1101 699 1153 eius
750 1101 1002 1152 refertur.
1090 1099 1180 1151 Ad
1225 1099 1359 1151 haec
1414 1099 1518 1150 tria
1567 1097 1888 1149 illustranda
1939 1097 2119 1166 aliqua
2173 1113 2240 1147 ex

27 1184 157 1236 actis
190 1183 419 1236 Concilii
459 1183 763 1250 afferemus,
803 1183 995 1253 quibus
1034 1182 1139 1233 alia
1181 1182 1464 1251 quaedam,
1505 1199 1642 1251 quae
1683 1181 1983 1232 doctrinam
2014 1179 2243 1232 Concilii

29 1267 303 1336 explicare
342 1267 645 1333 videantur,
688 1266 889 1319 addere
931 1266 1109 1318 liceat.

170 1350 215 1404 I.
256 1351 339 1402 Ac
389 1352 449 1403 de
495 1351 688 1403 ambitu
741 1351 958 1420 quidem
1000 1349 1301 1402 Concilium
1353 1349 1549 1400 iterum
1602 1348 1882 1417 proponit,
1941 1347 2084 1415 quod
2126 1347 2243 1398 Tri-

30 1433 310 1486 dentinum
339 1433 642 1486 Concilium
670 1438 1054 1503 proposuerat:
1091 1431 1318 1498 „Veteris
1343 1438 1385 1483 et
1425 1433 1538 1483 novi
1572 1431 1872 1483 Testamenti
1908 1430 2029 1481 libra·
2064 1432 2248 1499 inteyri

28 1533 142 1568 cum
182 1516 415 1568 omnibus
449 1519 558 1569 suis
587 1516 840 1585 partibuS,
870 1522 1030 1584 prout
1066 1517 1122 1566 in
1159 1515 1378 1567 eiusdem
1415 1514 1768 1580 (Tridentini)
1812 1514 2023 1566 Concilii
2060 1514 2245 1565 decreto

27 1605 340 1651 recensentur
385 1605 428 1651 et
463 1601 519 1651 in
555 1601 704 1651 veteri
737 1600 939 1668 vulyatcz
979 1599 1140 1649 latina
1180 1598 1389 1650 editione
1427 1598 1703 1662 habentur,
1753 1615 1848 1665 pro
1886 1598 2048 1648 sacris
2088 1603 2129 1648 et
2166 1614 2246 1647 ca-

27 1683 220 1734 nonicis
256 1682 533 1751 recipiendi
568 1685 729 1734 suntf‘

172 1765 236 1816 In
275 1766 374 1818 hac
413 1766 725 1818 definitione
767 1765 1094 1834 explicanda
1133 1783 1300 1816 unum
1341 1764 1669 1816 monendum
1710 1770 1806 1829 est,
1848 1769 2089 1816 veterem
2130 1764 2244 1814 vul-

28 1854 211 1917 gatam
247 1849 473 1901 latinam
514 1849 807 1901 editionem
847 1867 955 1900 non
995 1867 1110 1901 esse
1153 1849 1388 1900 exclusis
1415 1848 1532 1899 aliis
1561 1848 1887 1900 editionibus
1926 1867 2020 1900 seu
2061 1866 2243 1900 exem·

30 1932 270 2000 plaribus
322 1933 735 2002 intelligendam
787 1933 1082 1984 Clementis
1137 1932 1293 1984 VIII.
1350 1932 1680 1999 editionem,
1743 1933 1838 1983 sed
1898 1950 2017 1984 eam
2072 1933 2244 2000 ipsam

29 2017 349 2083 versionem,
392 2035 551 2086 quam
592 2022 977 2069 commemorat
1017 2016 1317 2069 Concilium
1348 2016 1744 2082 Tridentinum,
1786 2034 1950 2085 quum
1991 2034 2097 2067 non
2139 2016 2244 2066 iam

31 2105 272 2152 exstaret
322 2101 488 2153 editio
540 2102 861 2153 auctoritate
913 2100 1186 2171 pontificia
1226 2100 1384 2152 facta.
1465 2100 1621 2160 Quod
1663 2101 1913 2170 quidem,
1968 2118 2133 2169 quum
2175 2117 2243 2151 ex

30 2185 146 2252 ipso
187 2184 404 2236 decreto
446 2184 629 2253 colligi
669 2185 853 2254 possit,
896 2189 1106 2236 constat
1146 2185 1308 2236 etiam
1348 2202 1418 2235 ex
1460 2184 1812 2237 documentis
1881 2184 2060 2244 Quum
2101 2183 2242 2235 enim

32 2285 166 2319 unus
206 2285 276 2320 ex
316 2267 569 2320 Patribus
610 2269 1010 2337 proposuisset,
1061 2274 1120 2319 ut
1159 2269 1491 2336 reciperetur
1536 2275 1728 2336 „prout
1769 2309 1780 2319 .
1823 2311 1833 2321 .
1877 2309 1887 2319 .
1929 2269 1983 2318 in
2024 2268 2246 2335 vulgata

28 2350 196 2402 latina
250 2350 487 2403 editione
544 2351 839 2404 Clementis
890 2352 1049 2403 VIII.
1108 2352 1429 2403 auctoritate
1489 2352 1833 2419 promulgata
1884 2350 2245 2416 habentui-“¹,

30 2432 386 2501 BrixinensiS,
428 2435 793 2504 deputationis
821 2435 1039 2499 relator,
1067 2435 1120 2486 id
1149 2436 1319 2504 recipi
1347 2453 1503 2503 posse
1545 2436 1781 2503 negavit.
1834 2435 2033 2487 Addit:
2080 2434 2246 2500 „Vul-

31 2523 156 2585 gata
193 2517 362 2570 latina
404 2519 470 2570 ab
521 2520 638 2588 ipso
681 2518 923 2571 Concilio
966 2518 1332 2585 (Tridentino)
1383 2518 1658 2570 declarata
1710 2525 1965 2587 tanquam
2017 2519 2243 2571 authen-

31 2600 140 2651 tica
179 2606 233 2652 et
272 2601 679 2653 emendationes
719 2601 894 2654 factae
935 2619 1031 2670 per
1071 2602 1363 2654 Pontifices
1402 2602 1811 2672 subsequenteS,
1854 2620 1973 2654 cum
2015 2621 2100 2654 res
2140 2603 2245 2654 sint

34 2683 251 2734 omnino
293 2683 636 2750 differenteS,
678 2703 786 2737 non
826 2685 1029 2737 debent
1068 2685 1355 2751 confundi3
1411 2704 1473 2738 eo
1515 2687 1690 2737 minus
1732 2686 1962 2752 debent,
2005 2687 2146 2755 quia,
2187 2692 2246 2737 ut

33 2766 230 2831 nostiS,
287 2767 343 2817 in
394 2767 512 2836 ipsa
563 2768 901 2836 praefatione
954 2769 1111 2820 huius
1162 2770 1411 2821 editionis
1463 2770 1590 2821 anni
1635 2770 1771 2820 1592
1824 2768 2049 2832 dicitur,
2102 2769 2245 2838 quod

35 2848 340 2901 emendatio
381 2848 659 2918 hucusque
689 2868 796 2902 non
837 2852 1082 2903 omnibus
1110 2853 1347 2904 numeris
1376 2852 1623 2904 absoluta
1664 2852 1769 2903 dici
1797 2852 1979 2920 possit,
2022 2857 2075 2903 et
2102 2853 2246 2921 quod

34 2932 297 3000 quaedam
337 2933 514 2985 studio
555 2934 661 2984 sint
698 2934 903 3000 relicta,
945 2952 1082 3004 quae
1124 2935 1465 2988 emendanda
1500 2936 1725 2987 fuissent
1766 2952 1836 2986 ex
1878 2936 2068 3001 causiS,
2109 2953 2245 3004 quae

34 3014 235 3067 ibidem
274 3015 623 3067 afferuntur.“
648 3014 668 3047 2

175 3098 247 3151 II.
289 3099 652 3168 Inspirationis
691 3101 825 3152 haec
866 3105 945 3153 est
986 3100 1213 3153 Concilii
1254 3102 1524 3154 definitio:
1571 3103 1711 3169 „Eos
1752 3103 1960 3170 (libros)
2003 3103 2246 3155 Ecclesia

6 3199 131 3248 ,pro
171 3183 333 3234 sacris
374 3188 427 3234 et
468 3184 738 3235 canonicis
779 3184 972 3250 habet,
1024 3203 1132 3237 non
1171 3185 1320 3244 ideo,
1373 3186 1514 3254 quod
1556 3187 1670 3238 sola
1708 3187 1943 3237 humana
1982 3186 2246 3238 industria

39 3264 357 3330 concinnati,
400 3284 494 3317 sua
534 3266 729 3318 deinde
772 3269 1090 3320 auctoritate
1131 3268 1236 3319 sint
1275 3269 1581 3338 approbati3
1642 3287 1741 3321 nec
1782 3270 1903 3322 ideo
1946 3270 2247 3337 dumtaxat,

39 3346 182 3414 quod
220 3348 606 3400 revelationem
648 3351 761 3402 sine
803 3368 985 3403 errore
1026 3351 1355 3418 contineant,
1396 3352 1491 3403 sed
1531 3358 1821 3422 propterea
1861 3353 2003 3421 quod
2045 3354 2246 3421 Spiritu

44 3428 240 3481 Sancto
280 3431 575 3501 inspirante
615 3434 901 3503 conscripti
926 3434 1105 3486 Deum
1145 3434 1348 3486 habent
1385 3441 1657 3487 auctorem
1684 3441 1846 3504 atque
1888 3442 1946 3487 ut
1986 3437 2119 3487 tales
2147 3437 2247 3505 ipsi

24 3506 311 3565 Ecclesiae
350 3514 534 3566 traditi
574 3516 744 3567 sunt.“

179 3595 505 3649 Declaratur
555 3598 721 3667 igitur
771 3600 1062 3669 imprimiS,
1103 3605 1162 3651 ut
1201 3600 1442 3669 theologi
1494 3601 1754 3653 adnotant
1804 3602 1871 3653 ad
1922 3603 2139 3654 schema
2181 3603 2245 3654 (le

39 3677 283 3730 doctrina
324 3681 587 3733 catholica
606 3680 642 3748 3,
688 3685 833 3752 „quis
869 3701 1043 3735 sensus
1079 3700 1180 3735 non
1218 3685 1282 3736 sit
1317 3686 1584 3754 genuinus
1625 3686 1907 3754 dogmatis,
1949 3686 2245 3738 secundum

186 3853 199 3880 ¹
235 3853 627 3902 Emendationes
663 3862 758 3904 etc.
830 3856 884 3904 C.
920 3857 983 3905 V.
1024 3859 1112 3904 123
1132 3858 1179 3905 b.
1349 3859 1364 3885 ²
1402 3859 1600 3907 Relatio
1640 3865 1734 3908 etc.
1805 3860 1857 3908 C.
1896 3861 1957 3907 V.
2000 3864 2135 3910 141d
2173 3879 2244 3925 sq.

127 3931 134 3937 '
184 3928 199 3954 ³
236 3929 291 3977 C.
327 3930 388 3977 V.
426 3933 562 3978 522a
599 3947 705 3994 sqq.
775 3933 851 3981 Cf.
886 3934 1034 3981 Ratio
1072 3938 1167 3982 etc.
1237 3934 1291 3983 C.
1327 3935 1387 3983 V.
1429 3936 1536 3983 79d
1574 3952 1646 3998 sq.
