<?xml version="1.0" encoding="UTF-8"?>
<!DOCTYPE html PUBLIC "-//W3C//DTD XHTML 1.0 Transitional//EN"
    "http://www.w3.org/TR/xhtml1/DTD/xhtml1-transitional.dtd">
<html xmlns="http://www.w3.org/1999/xhtml" xml:lang="en" lang="en">
 <head>
  <title>
</title>
<meta http-equiv="Content-Type" content="text/html;charset=utf-8" />
  <meta name='ocr-system' content='tesseract 3.04.00' />
  <meta name='ocr-capabilities' content='ocr_page ocr_carea ocr_par ocr_line ocrx_word'/>
</head>
<body>
  <div class='ocr_page' id='page_1' title='image "a584483100granuoft_0212.png"; bbox 0 0 2548 4290; ppageno 0'>
   <div class='ocr_carea' id='block_1_1' title="bbox 203 105 2320 163">
    <p class='ocr_par' dir='ltr' id='par_1_1' title="bbox 203 105 2320 163">
     <span class='ocr_line' id='line_1_1' title="bbox 203 105 2320 163; baseline 0.002 -16"><span class='ocrx_word' id='word_1_1' title='bbox 203 106 306 159; x_wconf 79' lang='lat'>198</span> <span class='ocrx_word' id='word_1_2' title='bbox 388 107 501 148; x_wconf 86' lang='lat' dir='ltr'>Pars</span> <span class='ocrx_word' id='word_1_3' title='bbox 534 107 593 147; x_wconf 91' lang='lat' dir='ltr'>II.</span> <span class='ocrx_word' id='word_1_4' title='bbox 652 105 807 148; x_wconf 87' lang='lat' dir='ltr'>Const.</span> <span class='ocrx_word' id='word_1_5' title='bbox 842 105 896 147; x_wconf 91' lang='lat' dir='ltr'>de</span> <span class='ocrx_word' id='word_1_6' title='bbox 927 106 1052 148; x_wconf 88' lang='lat' dir='ltr'>Eccl.</span> <span class='ocrx_word' id='word_1_7' title='bbox 1118 105 1229 161; x_wconf 85' lang='lat' dir='ltr'>Cap.</span> <span class='ocrx_word' id='word_1_8' title='bbox 1263 107 1322 148; x_wconf 92' lang='lat'>11.</span> <span class='ocrx_word' id='word_1_9' title='bbox 1381 105 1798 150; x_wconf 84' lang='lat' dir='ltr'>Commentationcs</span> <span class='ocrx_word' id='word_1_10' title='bbox 1834 108 1889 150; x_wconf 91' lang='lat' dir='ltr'>de</span> <span class='ocrx_word' id='word_1_11' title='bbox 1918 110 2158 163; x_wconf 82' lang='lat' dir='ltr'><strong>aliquibus</strong></span> <span class='ocrx_word' id='word_1_12' title='bbox 2190 110 2320 152; x_wconf 85' lang='lat' dir='ltr'>locis.</span> 
     </span>
    </p>
   </div>
   <div class='ocr_carea' id='block_1_2' title="bbox 196 252 2483 3836">
    <p class='ocr_par' dir='ltr' id='par_1_2' title="bbox 196 252 2478 2041">
     <span class='ocr_line' id='line_1_2' title="bbox 351 252 2473 323; baseline 0.003 -18"><span class='ocrx_word' id='word_1_13' title='bbox 351 252 490 320; x_wconf 82' lang='lat' dir='ltr'>„HL</span> <span class='ocrx_word' id='word_1_14' title='bbox 530 252 789 322; x_wconf 91' lang='lat' dir='ltr'>Denique</span> <span class='ocrx_word' id='word_1_15' title='bbox 831 252 1135 319; x_wconf 81' lang='lat' dir='ltr'>restrictio,</span> <span class='ocrx_word' id='word_1_16' title='bbox 1194 269 1335 322; x_wconf 90' lang='lat' dir='ltr'>quae</span> <span class='ocrx_word' id='word_1_17' title='bbox 1388 252 1659 306; x_wconf 87' lang='lat' dir='ltr'>formulae</span> <span class='ocrx_word' id='word_1_18' title='bbox 1715 253 1899 307; x_wconf 87' lang='lat' dir='ltr'>verbis</span> <span class='ocrx_word' id='word_1_19' title='bbox 1950 255 2122 323; x_wconf 91' lang='lat' dir='ltr'>inest,</span> <span class='ocrx_word' id='word_1_20' title='bbox 2178 274 2289 310; x_wconf 93' lang='lat' dir='ltr'>non</span> <span class='ocrx_word' id='word_1_21' title='bbox 2340 259 2473 311; x_wconf 88' lang='lat' dir='ltr'>satis</span> 
     </span>
     <span class='ocr_line' id='line_1_3' title="bbox 197 336 2473 407; baseline 0.001 -15"><span class='ocrx_word' id='word_1_22' title='bbox 197 339 409 392; x_wconf 89' lang='lat' dir='ltr'>tollitur</span> <span class='ocrx_word' id='word_1_23' title='bbox 459 337 555 390; x_wconf 92' lang='lat' dir='ltr'>illo</span> <span class='ocrx_word' id='word_1_24' title='bbox 598 336 818 390; x_wconf 88' lang='lat' dir='ltr'>addito:</span> <span class='ocrx_word' id='word_1_25' title='bbox 873 337 1129 407; x_wconf 91' lang='lat' dir='ltr'>,Insuper</span> <span class='ocrx_word' id='word_1_26' title='bbox 1171 337 1490 404; x_wconf 78' lang='lat' dir='ltr'>definimUS,</span> <span class='ocrx_word' id='word_1_27' title='bbox 1544 338 1688 390; x_wconf 91' lang='lat' dir='ltr'>hanc</span> <span class='ocrx_word' id='word_1_28' title='bbox 1729 340 1845 392; x_wconf 89' lang='lat' dir='ltr'>sive</span> <span class='ocrx_word' id='word_1_29' title='bbox 1886 339 1943 391; x_wconf 92' lang='lat' dir='ltr'>in</span> <span class='ocrx_word' id='word_1_30' title='bbox 1984 339 2238 394; x_wconf 90' lang='lat' dir='ltr'>Romano</span> <span class='ocrx_word' id='word_1_31' title='bbox 2279 342 2473 396; x_wconf 90' lang='lat' dir='ltr'>Ponti-</span> 
     </span>
     <span class='ocr_line' id='line_1_4' title="bbox 198 422 2473 492; baseline 0.003 -17"><span class='ocrx_word' id='word_1_32' title='bbox 198 423 298 475; x_wconf 90' lang='lat' dir='ltr'>fice</span> <span class='ocrx_word' id='word_1_33' title='bbox 340 423 454 474; x_wconf 89' lang='lat' dir='ltr'>sive</span> <span class='ocrx_word' id='word_1_34' title='bbox 496 422 552 473; x_wconf 93' lang='lat' dir='ltr'>in</span> <span class='ocrx_word' id='word_1_35' title='bbox 592 422 850 475; x_wconf 87' lang='lat' dir='ltr'>universa</span> <span class='ocrx_word' id='word_1_36' title='bbox 892 422 1144 475; x_wconf 89' lang='lat' dir='ltr'>Ecclesia</span> <span class='ocrx_word' id='word_1_37' title='bbox 1185 422 1419 475; x_wconf 80' lang='lat' dir='ltr'>docente</span> <span class='ocrx_word' id='word_1_38' title='bbox 1460 428 1766 492; x_wconf 81' lang='lat' dir='ltr'>spectatam</span> <span class='ocrx_word' id='word_1_39' title='bbox 1802 424 2263 480; x_wconf 77' lang='lat' dir='ltr'>infallibilitatem</span> <span class='ocrx_word' id='word_1_40' title='bbox 2303 427 2473 481; x_wconf 88' lang='lat' dir='ltr'>etiam</span> 
     </span>
     <span class='ocr_line' id='line_1_5' title="bbox 198 507 2472 578; baseline 0.002 -17"><span class='ocrx_word' id='word_1_41' title='bbox 198 509 267 561; x_wconf 88' lang='lat' dir='ltr'>ad</span> <span class='ocrx_word' id='word_1_42' title='bbox 307 526 478 559; x_wconf 87' lang='lat' dir='ltr'>unum</span> <span class='ocrx_word' id='word_1_43' title='bbox 519 507 779 578; x_wconf 89' lang='lat' dir='ltr'>idemque</span> <span class='ocrx_word' id='word_1_44' title='bbox 823 507 1101 561; x_wconf 90' lang='lat' dir='ltr'>obiectum</span> <span class='ocrx_word' id='word_1_45' title='bbox 1143 525 1262 560; x_wconf 88' lang='lat' dir='ltr'>sese</span> <span class='ocrx_word' id='word_1_46' title='bbox 1305 507 1652 561; x_wconf 57' lang='lat' dir='ltr'>extendere!</span> <span class='ocrx_word' id='word_1_47' title='bbox 1717 508 1941 563; x_wconf 87' lang='lat' dir='ltr'>Etenim</span> <span class='ocrx_word' id='word_1_48' title='bbox 1980 516 2110 564; x_wconf 87' lang='lat' dir='ltr'>tunc</span> <span class='ocrx_word' id='word_1_49' title='bbox 2151 512 2329 565; x_wconf 90' lang='lat' dir='ltr'>solum</span> <span class='ocrx_word' id='word_1_50' title='bbox 2369 513 2472 566; x_wconf 92' lang='lat' dir='ltr'>tol-</span> 
     </span>
     <span class='ocr_line' id='line_1_6' title="bbox 198 592 2477 666; baseline 0.003 -20"><span class='ocrx_word' id='word_1_51' title='bbox 198 594 423 659; x_wconf 80' lang='lat' dir='ltr'>leretur,</span> <span class='ocrx_word' id='word_1_52' title='bbox 465 594 509 645; x_wconf 91' lang='lat' dir='ltr'>si</span> <span class='ocrx_word' id='word_1_53' title='bbox 547 592 842 661; x_wconf 84' lang='lat' dir='ltr'>diceretur,</span> <span class='ocrx_word' id='word_1_54' title='bbox 883 593 1169 647; x_wconf 83' lang='lat' dir='ltr'>Ecclesiae</span> <span class='ocrx_word' id='word_1_55' title='bbox 1210 592 1667 647; x_wconf 86' lang='lat' dir='ltr'>infallibilitatem</span> <span class='ocrx_word' id='word_1_56' title='bbox 1706 613 1826 648; x_wconf 89' lang='lat' dir='ltr'>sese</span> <span class='ocrx_word' id='word_1_57' title='bbox 1867 595 1938 648; x_wconf 89' lang='lat' dir='ltr'>ad</span> <span class='ocrx_word' id='word_1_58' title='bbox 1965 596 2126 666; x_wconf 91' lang='lat' dir='ltr'>plura</span> <span class='ocrx_word' id='word_1_59' title='bbox 2166 597 2477 652; x_wconf 74' lang='lat' dir='ltr'>extendere</span> 
     </span>
     <span class='ocr_line' id='line_1_7' title="bbox 199 677 2473 749; baseline 0.003 -19"><span class='ocrx_word' id='word_1_60' title='bbox 199 696 363 749; x_wconf 91' lang='lat' dir='ltr'>quam</span> <span class='ocrx_word' id='word_1_61' title='bbox 391 677 461 730; x_wconf 88' lang='lat' dir='ltr'>ad</span> <span class='ocrx_word' id='word_1_62' title='bbox 488 679 606 731; x_wconf 89' lang='lat' dir='ltr'>sola</span> <span class='ocrx_word' id='word_1_63' title='bbox 635 678 897 748; x_wconf 84' lang='lat' dir='ltr'>dogmata</span> <span class='ocrx_word' id='word_1_64' title='bbox 926 678 1259 731; x_wconf 89' lang='lat' dir='ltr'>declaranda</span> <span class='ocrx_word' id='word_1_65' title='bbox 1298 684 1353 732; x_wconf 92' lang='lat' dir='ltr'>et</span> <span class='ocrx_word' id='word_1_66' title='bbox 1380 679 1639 732; x_wconf 85' lang='lat' dir='ltr'>haereses</span> <span class='ocrx_word' id='word_1_67' title='bbox 1666 680 2131 734; x_wconf 78' lang='lat' dir='ltr'>condemnandas,</span> <span class='ocrx_word' id='word_1_68' title='bbox 2185 682 2251 735; x_wconf 93' lang='lat' dir='ltr'>Id</span> <span class='ocrx_word' id='word_1_69' title='bbox 2286 687 2473 737; x_wconf 84' lang='lat' dir='ltr'>autem</span> 
     </span>
     <span class='ocr_line' id='line_1_8' title="bbox 197 763 2476 836; baseline 0.003 -21"><span class='ocrx_word' id='word_1_70' title='bbox 197 782 308 816; x_wconf 90' lang='lat' dir='ltr'>non</span> <span class='ocrx_word' id='word_1_71' title='bbox 350 763 578 831; x_wconf 90' lang='lat' dir='ltr'>dicitur,</span> <span class='ocrx_word' id='word_1_72' title='bbox 635 764 732 817; x_wconf 91' lang='lat' dir='ltr'>sed</span> <span class='ocrx_word' id='word_1_73' title='bbox 774 764 1053 817; x_wconf 88' lang='lat' dir='ltr'>obiectum</span> <span class='ocrx_word' id='word_1_74' title='bbox 1094 763 1508 817; x_wconf 89' lang='lat' dir='ltr'>infallibilitatis</span> <span class='ocrx_word' id='word_1_75' title='bbox 1549 764 1836 819; x_wconf 86' lang='lat' dir='ltr'>Ecclesiae</span> <span class='ocrx_word' id='word_1_76' title='bbox 1890 785 2112 836; x_wconf 89' lang='lat' dir='ltr'>prorsus</span> <span class='ocrx_word' id='word_1_77' title='bbox 2153 767 2476 821; x_wconf 88' lang='lat' dir='ltr'>indetermi-</span> 
     </span>
     <span class='ocr_line' id='line_1_9' title="bbox 197 849 2474 920; baseline 0.002 -19"><span class='ocrx_word' id='word_1_78' title='bbox 197 854 326 902; x_wconf 86' lang='lat' dir='ltr'>nate</span> <span class='ocrx_word' id='word_1_79' title='bbox 383 849 730 920; x_wconf 83' lang='lat' dir='ltr'>exprimitur.</span> <span class='ocrx_word' id='word_1_80' title='bbox 809 849 1118 919; x_wconf 84' lang='lat' dir='ltr'>Propterea</span> <span class='ocrx_word' id='word_1_81' title='bbox 1168 855 1357 902; x_wconf 89' lang='lat' dir='ltr'>autem</span> <span class='ocrx_word' id='word_1_82' title='bbox 1418 850 1592 902; x_wconf 90' lang='lat' dir='ltr'>oritur</span> <span class='ocrx_word' id='word_1_83' title='bbox 1644 868 1716 903; x_wconf 91' lang='lat' dir='ltr'>ex</span> <span class='ocrx_word' id='word_1_84' title='bbox 1768 852 1920 905; x_wconf 91' lang='lat' dir='ltr'>hisce</span> <span class='ocrx_word' id='word_1_85' title='bbox 1971 870 2148 905; x_wconf 88' lang='lat' dir='ltr'>novae</span> <span class='ocrx_word' id='word_1_86' title='bbox 2202 852 2474 907; x_wconf 87' lang='lat' dir='ltr'>formulae</span> 
     </span>
     <span class='ocr_line' id='line_1_10' title="bbox 198 934 2474 1008; baseline 0.003 -22"><span class='ocrx_word' id='word_1_87' title='bbox 198 934 381 987; x_wconf 90' lang='lat' dir='ltr'>verbis</span> <span class='ocrx_word' id='word_1_88' title='bbox 424 953 594 1004; x_wconf 87' lang='lat' dir='ltr'>grave</span> <span class='ocrx_word' id='word_1_89' title='bbox 636 935 1076 1000; x_wconf 88' lang='lat' dir='ltr'>incommodum,</span> <span class='ocrx_word' id='word_1_90' title='bbox 1130 935 1278 1005; x_wconf 91' lang='lat' dir='ltr'>quod</span> <span class='ocrx_word' id='word_1_91' title='bbox 1319 953 1430 988; x_wconf 90' lang='lat' dir='ltr'>non</span> <span class='ocrx_word' id='word_1_92' title='bbox 1472 935 1719 1004; x_wconf 86' lang='lat' dir='ltr'>adesset,</span> <span class='ocrx_word' id='word_1_93' title='bbox 1763 937 1807 989; x_wconf 89' lang='lat' dir='ltr'>si</span> <span class='ocrx_word' id='word_1_94' title='bbox 1850 936 2128 990; x_wconf 91' lang='lat' dir='ltr'>obiectum</span> <span class='ocrx_word' id='word_1_95' title='bbox 2170 940 2474 1008; x_wconf 65' lang='lat' dir='ltr'>magisterii</span> 
     </span>
     <span class='ocr_line' id='line_1_11' title="bbox 196 1020 2474 1092; baseline 0.002 -19"><span class='ocrx_word' id='word_1_96' title='bbox 196 1020 504 1074; x_wconf 89' lang='lat' dir='ltr'>infallibilis</span> <span class='ocrx_word' id='word_1_97' title='bbox 543 1022 909 1091; x_wconf 86' lang='lat' dir='ltr'>competentis</span> <span class='ocrx_word' id='word_1_98' title='bbox 949 1021 1204 1075; x_wconf 85' lang='lat' dir='ltr'>Romano</span> <span class='ocrx_word' id='word_1_99' title='bbox 1246 1022 1505 1074; x_wconf 87' lang='lat' dir='ltr'>Pontifici</span> <span class='ocrx_word' id='word_1_100' title='bbox 1546 1023 1755 1092; x_wconf 86' lang='lat' dir='ltr'>pariter</span> <span class='ocrx_word' id='word_1_101' title='bbox 1792 1023 2218 1077; x_wconf 87' lang='lat' dir='ltr'>indeterminate</span> <span class='ocrx_word' id='word_1_102' title='bbox 2260 1030 2474 1077; x_wconf 86' lang='lat' dir='ltr'>tantum</span> 
     </span>
     <span class='ocr_line' id='line_1_12' title="bbox 198 1109 2475 1181; baseline 0.002 -21"><span class='ocrx_word' id='word_1_103' title='bbox 198 1109 579 1163; x_wconf 80' lang='lat' dir='ltr'>exhiberetur.</span> <span class='ocrx_word' id='word_1_104' title='bbox 633 1111 794 1163; x_wconf 86' lang='lat' dir='ltr'>Nova</span> <span class='ocrx_word' id='word_1_105' title='bbox 834 1110 1091 1177; x_wconf 91' lang='lat' dir='ltr'>formula,</span> <span class='ocrx_word' id='word_1_106' title='bbox 1137 1115 1430 1181; x_wconf 87' lang='lat' dir='ltr'>postquam</span> <span class='ocrx_word' id='word_1_107' title='bbox 1472 1109 1752 1163; x_wconf 90' lang='lat' dir='ltr'>obiectum</span> <span class='ocrx_word' id='word_1_108' title='bbox 1793 1111 2206 1164; x_wconf 90' lang='lat' dir='ltr'>infallibilitatis</span> <span class='ocrx_word' id='word_1_109' title='bbox 2236 1111 2475 1165; x_wconf 83' lang='lat' dir='ltr'>Romani</span> 
     </span>
     <span class='ocr_line' id='line_1_13' title="bbox 198 1194 2476 1265; baseline 0.002 -19"><span class='ocrx_word' id='word_1_110' title='bbox 198 1194 484 1248; x_wconf 85' lang='lat' dir='ltr'>Pontificis</span> <span class='ocrx_word' id='word_1_111' title='bbox 526 1195 946 1265; x_wconf 88' lang='lat' dir='ltr'>determinavit,</span> <span class='ocrx_word' id='word_1_112' title='bbox 1000 1195 1278 1248; x_wconf 89' lang='lat' dir='ltr'>obiectum</span> <span class='ocrx_word' id='word_1_113' title='bbox 1320 1195 1735 1248; x_wconf 87' lang='lat' dir='ltr'>infallibilitatis</span> <span class='ocrx_word' id='word_1_114' title='bbox 1776 1196 2061 1250; x_wconf 89' lang='lat' dir='ltr'>Ecclesiae</span> <span class='ocrx_word' id='word_1_115' title='bbox 2114 1196 2343 1250; x_wconf 81' lang='lat' dir='ltr'>exhibet</span> <span class='ocrx_word' id='word_1_116' title='bbox 2393 1198 2476 1250; x_wconf 91' lang='lat' dir='ltr'>in-</span> 
     </span>
     <span class='ocr_line' id='line_1_14' title="bbox 198 1280 2475 1353; baseline 0.001 -20"><span class='ocrx_word' id='word_1_117' title='bbox 198 1280 584 1349; x_wconf 88' lang='lat' dir='ltr'>determinate,</span> <span class='ocrx_word' id='word_1_118' title='bbox 629 1288 684 1335; x_wconf 92' lang='lat' dir='ltr'>et</span> <span class='ocrx_word' id='word_1_119' title='bbox 726 1282 873 1349; x_wconf 91' lang='lat' dir='ltr'>dicit,</span> <span class='ocrx_word' id='word_1_120' title='bbox 916 1300 1015 1353; x_wconf 91' lang='lat' dir='ltr'>pro</span> <span class='ocrx_word' id='word_1_121' title='bbox 1058 1282 1311 1335; x_wconf 85' lang='lat' dir='ltr'>Romano</span> <span class='ocrx_word' id='word_1_122' title='bbox 1352 1282 1623 1335; x_wconf 89' lang='lat' dir='ltr'>Pontifice</span> <span class='ocrx_word' id='word_1_123' title='bbox 1667 1289 1721 1336; x_wconf 91' lang='lat' dir='ltr'>et</span> <span class='ocrx_word' id='word_1_124' title='bbox 1763 1301 1860 1352; x_wconf 90' lang='lat' dir='ltr'>pro</span> <span class='ocrx_word' id='word_1_125' title='bbox 1902 1283 2154 1336; x_wconf 90' lang='lat' dir='ltr'>Ecclesia</span> <span class='ocrx_word' id='word_1_126' title='bbox 2196 1283 2475 1336; x_wconf 82' lang='lat' dir='ltr'>obiectum</span> 
     </span>
     <span class='ocr_line' id='line_1_15' title="bbox 198 1368 2478 1439; baseline 0.001 -19"><span class='ocrx_word' id='word_1_127' title='bbox 198 1385 317 1420; x_wconf 87' lang='lat' dir='ltr'>esse</span> <span class='ocrx_word' id='word_1_128' title='bbox 376 1368 541 1422; x_wconf 91' lang='lat' dir='ltr'>idem.</span> <span class='ocrx_word' id='word_1_129' title='bbox 634 1369 781 1421; x_wconf 90' lang='lat' dir='ltr'>Hinc</span> <span class='ocrx_word' id='word_1_130' title='bbox 838 1368 1138 1439; x_wconf 89' lang='lat' dir='ltr'>praebetur</span> <span class='ocrx_word' id='word_1_131' title='bbox 1196 1387 1329 1420; x_wconf 86' lang='lat' dir='ltr'>ansa</span> <span class='ocrx_word' id='word_1_132' title='bbox 1385 1368 1661 1421; x_wconf 88' lang='lat' dir='ltr'>obiectum</span> <span class='ocrx_word' id='word_1_133' title='bbox 1722 1368 2134 1422; x_wconf 88' lang='lat' dir='ltr'>infallibilitatis</span> <span class='ocrx_word' id='word_1_134' title='bbox 2189 1369 2478 1423; x_wconf 70' lang='lat' dir='ltr'>Ecclesiae</span> 
     </span>
     <span class='ocr_line' id='line_1_16' title="bbox 200 1453 2475 1525; baseline 0 -19"><span class='ocrx_word' id='word_1_135' title='bbox 200 1453 608 1507; x_wconf 90' lang='lat' dir='ltr'>determinandi</span> <span class='ocrx_word' id='word_1_136' title='bbox 648 1472 749 1525; x_wconf 91' lang='lat' dir='ltr'>per</span> <span class='ocrx_word' id='word_1_137' title='bbox 803 1454 1081 1507; x_wconf 88' lang='lat' dir='ltr'>obiectum</span> <span class='ocrx_word' id='word_1_138' title='bbox 1125 1453 1589 1524; x_wconf 79' lang='lat' dir='ltr'>[infallibilitatis]</span> <span class='ocrx_word' id='word_1_139' title='bbox 1631 1454 1869 1507; x_wconf 87' lang='lat' dir='ltr'>Romani</span> <span class='ocrx_word' id='word_1_140' title='bbox 1912 1455 2198 1508; x_wconf 90' lang='lat' dir='ltr'>Pontificis</span> <span class='ocrx_word' id='word_1_141' title='bbox 2251 1460 2306 1508; x_wconf 92' lang='lat' dir='ltr'>et</span> <span class='ocrx_word' id='word_1_142' title='bbox 2347 1472 2475 1508; x_wconf 85' lang='lat' dir='ltr'>con-</span> 
     </span>
     <span class='ocr_line' id='line_1_17' title="bbox 199 1539 2477 1611; baseline 0.001 -19"><span class='ocrx_word' id='word_1_143' title='bbox 199 1539 476 1607; x_wconf 88' lang='lat' dir='ltr'>cludendi,</span> <span class='ocrx_word' id='word_1_144' title='bbox 517 1540 827 1593; x_wconf 88' lang='lat' dir='ltr'>Ecclesiam</span> <span class='ocrx_word' id='word_1_145' title='bbox 869 1559 979 1593; x_wconf 93' lang='lat' dir='ltr'>non</span> <span class='ocrx_word' id='word_1_146' title='bbox 1023 1558 1141 1593; x_wconf 88' lang='lat' dir='ltr'>esse</span> <span class='ocrx_word' id='word_1_147' title='bbox 1182 1540 1536 1593; x_wconf 90' lang='lat' dir='ltr'>infallibilem</span> <span class='ocrx_word' id='word_1_148' title='bbox 1578 1540 1682 1592; x_wconf 91' lang='lat' dir='ltr'>nisi</span> <span class='ocrx_word' id='word_1_149' title='bbox 1724 1540 1905 1611; x_wconf 88' lang='lat' dir='ltr'>quoad</span> <span class='ocrx_word' id='word_1_150' title='bbox 1948 1541 2210 1610; x_wconf 83' lang='lat' dir='ltr'>dogmata</span> <span class='ocrx_word' id='word_1_151' title='bbox 2251 1547 2306 1594; x_wconf 91' lang='lat' dir='ltr'>et</span> <span class='ocrx_word' id='word_1_152' title='bbox 2345 1541 2477 1594; x_wconf 88' lang='lat' dir='ltr'>hae-</span> 
     </span>
     <span class='ocr_line' id='line_1_18' title="bbox 197 1626 2475 1697; baseline 0 -20"><span class='ocrx_word' id='word_1_153' title='bbox 197 1643 363 1692; x_wconf 81' lang='lat' dir='ltr'>reseS,</span> <span class='ocrx_word' id='word_1_154' title='bbox 405 1628 546 1680; x_wconf 87' lang='lat' dir='ltr'>sicut</span> <span class='ocrx_word' id='word_1_155' title='bbox 574 1626 859 1679; x_wconf 87' lang='lat' dir='ltr'>Romanus</span> <span class='ocrx_word' id='word_1_156' title='bbox 887 1626 1155 1679; x_wconf 85' lang='lat' dir='ltr'>Pontifex</span> <span class='ocrx_word' id='word_1_157' title='bbox 1197 1645 1308 1678; x_wconf 88' lang='lat' dir='ltr'>non</span> <span class='ocrx_word' id='word_1_158' title='bbox 1349 1631 1431 1679; x_wconf 90' lang='lat' dir='ltr'>est</span> <span class='ocrx_word' id='word_1_159' title='bbox 1456 1626 1765 1679; x_wconf 89' lang='lat' dir='ltr'>infallibilis</span> <span class='ocrx_word' id='word_1_160' title='bbox 1807 1626 2118 1680; x_wconf 89' lang='lat' dir='ltr'>declaratus</span> <span class='ocrx_word' id='word_1_161' title='bbox 2158 1627 2263 1679; x_wconf 89' lang='lat' dir='ltr'>nisi</span> <span class='ocrx_word' id='word_1_162' title='bbox 2292 1627 2475 1697; x_wconf 83' lang='lat' dir='ltr'>quoad</span> 
     </span>
     <span class='ocr_line' id='line_1_19' title="bbox 199 1710 2476 1782; baseline 0.001 -19"><span class='ocrx_word' id='word_1_163' title='bbox 199 1710 462 1781; x_wconf 83' lang='lat' dir='ltr'>dogmata</span> <span class='ocrx_word' id='word_1_164' title='bbox 498 1718 552 1764; x_wconf 92' lang='lat' dir='ltr'>et</span> <span class='ocrx_word' id='word_1_165' title='bbox 593 1713 868 1765; x_wconf 82' lang='lat' dir='ltr'>haereses,</span> <span class='ocrx_word' id='word_1_166' title='bbox 913 1746 980 1752; x_wconf 92' lang='lat'>—-—</span> <span class='ocrx_word' id='word_1_167' title='bbox 1022 1712 1095 1764; x_wconf 90' lang='lat' dir='ltr'>Et</span> <span class='ocrx_word' id='word_1_168' title='bbox 1134 1729 1295 1778; x_wconf 75' lang='lat' dir='ltr'>vem,</span> <span class='ocrx_word' id='word_1_169' title='bbox 1351 1712 1396 1765; x_wconf 89' lang='lat' dir='ltr'>si</span> <span class='ocrx_word' id='word_1_170' title='bbox 1437 1711 1574 1779; x_wconf 86' lang='lat' dir='ltr'>duo,</span> <span class='ocrx_word' id='word_1_171' title='bbox 1619 1730 1851 1782; x_wconf 88' lang='lat' dir='ltr'>quorum</span> <span class='ocrx_word' id='word_1_172' title='bbox 1893 1713 2127 1765; x_wconf 89' lang='lat' dir='ltr'>alterum</span> <span class='ocrx_word' id='word_1_173' title='bbox 2171 1717 2255 1765; x_wconf 87' lang='lat' dir='ltr'>est</span> <span class='ocrx_word' id='word_1_174' title='bbox 2296 1712 2476 1765; x_wconf 84' lang='lat' dir='ltr'>deter-</span> 
     </span>
     <span class='ocr_line' id='line_1_20' title="bbox 199 1797 2477 1869; baseline 0.001 -20"><span class='ocrx_word' id='word_1_175' title='bbox 199 1797 485 1864; x_wconf 88' lang='lat' dir='ltr'>minatum,</span> <span class='ocrx_word' id='word_1_176' title='bbox 515 1798 750 1851; x_wconf 88' lang='lat' dir='ltr'>alterum</span> <span class='ocrx_word' id='word_1_177' title='bbox 779 1797 1289 1864; x_wconf 89' lang='lat' dir='ltr'>indeterminatum,</span> <span class='ocrx_word' id='word_1_178' title='bbox 1318 1798 1464 1850; x_wconf 91' lang='lat' dir='ltr'>inter</span> <span class='ocrx_word' id='word_1_179' title='bbox 1491 1815 1548 1850; x_wconf 89' lang='lat' dir='ltr'>se</span> <span class='ocrx_word' id='word_1_180' title='bbox 1579 1798 1877 1851; x_wconf 84' lang='lat' dir='ltr'>convenire</span> <span class='ocrx_word' id='word_1_181' title='bbox 1908 1798 2183 1865; x_wconf 85' lang='lat' dir='ltr'>dicuntur,</span> <span class='ocrx_word' id='word_1_182' title='bbox 2212 1798 2286 1865; x_wconf 92' lang='lat' dir='ltr'>id,</span> <span class='ocrx_word' id='word_1_183' title='bbox 2328 1799 2477 1869; x_wconf 83' lang='lat' dir='ltr'>quod</span> 
     </span>
     <span class='ocr_line' id='line_1_21' title="bbox 200 1882 2477 1954; baseline 0 -19"><span class='ocrx_word' id='word_1_184' title='bbox 200 1888 281 1935; x_wconf 92' lang='lat' dir='ltr'>est</span> <span class='ocrx_word' id='word_1_185' title='bbox 309 1882 819 1949; x_wconf 88' lang='lat' dir='ltr'>indeterminatum,</span> <span class='ocrx_word' id='word_1_186' title='bbox 863 1884 1070 1954; x_wconf 88' lang='lat' dir='ltr'>exponi</span> <span class='ocrx_word' id='word_1_187' title='bbox 1099 1883 1241 1936; x_wconf 90' lang='lat' dir='ltr'>solet</span> <span class='ocrx_word' id='word_1_188' title='bbox 1268 1902 1368 1954; x_wconf 86' lang='lat' dir='ltr'>per</span> <span class='ocrx_word' id='word_1_189' title='bbox 1397 1883 1469 1952; x_wconf 87' lang='lat' dir='ltr'>id,</span> <span class='ocrx_word' id='word_1_190' title='bbox 1513 1883 1660 1954; x_wconf 89' lang='lat' dir='ltr'>quod</span> <span class='ocrx_word' id='word_1_191' title='bbox 1690 1890 1772 1936; x_wconf 90' lang='lat' dir='ltr'>est</span> <span class='ocrx_word' id='word_1_192' title='bbox 1812 1884 1987 1954; x_wconf 89' lang='lat' dir='ltr'>magis</span> <span class='ocrx_word' id='word_1_193' title='bbox 2027 1884 2477 1943; x_wconf 73' lang='lat' dir='ltr'>determinatum,</span> 
     </span>
     <span class='ocr_line' id='line_1_22' title="bbox 200 1969 2476 2041; baseline 0 -20"><span class='ocrx_word' id='word_1_194' title='bbox 200 1987 368 2040; x_wconf 91' lang='lat' dir='ltr'>quum</span> <span class='ocrx_word' id='word_1_195' title='bbox 410 1970 590 2022; x_wconf 90' lang='lat' dir='ltr'>minus</span> <span class='ocrx_word' id='word_1_196' title='bbox 632 1975 824 2023; x_wconf 89' lang='lat' dir='ltr'>notum</span> <span class='ocrx_word' id='word_1_197' title='bbox 865 1970 1135 2040; x_wconf 91' lang='lat' dir='ltr'>explicari</span> <span class='ocrx_word' id='word_1_198' title='bbox 1166 1969 1369 2022; x_wconf 84' lang='lat' dir='ltr'>debeat</span> <span class='ocrx_word' id='word_1_199' title='bbox 1396 1987 1496 2041; x_wconf 90' lang='lat' dir='ltr'>per</span> <span class='ocrx_word' id='word_1_200' title='bbox 1524 1969 1597 2036; x_wconf 91' lang='lat' dir='ltr'>id,</span> <span class='ocrx_word' id='word_1_201' title='bbox 1641 1969 1788 2040; x_wconf 90' lang='lat' dir='ltr'>quod</span> <span class='ocrx_word' id='word_1_202' title='bbox 1818 1975 1900 2022; x_wconf 89' lang='lat' dir='ltr'>est</span> <span class='ocrx_word' id='word_1_203' title='bbox 1940 1971 2115 2040; x_wconf 90' lang='lat' dir='ltr'>magis</span> <span class='ocrx_word' id='word_1_204' title='bbox 2155 1976 2365 2023; x_wconf 91' lang='lat' dir='ltr'>notum.</span> <span class='ocrx_word' id='word_1_205' title='bbox 2407 2012 2418 2023; x_wconf 92' lang='lat'>.</span> <span class='ocrx_word' id='word_1_206' title='bbox 2469 2014 2476 2022; x_wconf 94' lang='lat'>.</span> 
     </span>
    </p>

    <p class='ocr_par' dir='ltr' id='par_1_3' title="bbox 198 2054 2479 2555">
     <span class='ocr_line' id='line_1_23' title="bbox 352 2054 2479 2127; baseline 0 -20"><span class='ocrx_word' id='word_1_207' title='bbox 352 2055 512 2122; x_wconf 90' lang='lat' dir='ltr'>„Dici</span> <span class='ocrx_word' id='word_1_208' title='bbox 562 2055 795 2108; x_wconf 87' lang='lat' dir='ltr'>fortasse</span> <span class='ocrx_word' id='word_1_209' title='bbox 837 2060 1050 2127; x_wconf 89' lang='lat' dir='ltr'>potest,</span> <span class='ocrx_word' id='word_1_210' title='bbox 1103 2055 1554 2125; x_wconf 86' lang='lat' dir='ltr'>ambiguitatem,</span> <span class='ocrx_word' id='word_1_211' title='bbox 1613 2073 1754 2124; x_wconf 87' lang='lat' dir='ltr'>quae</span> <span class='ocrx_word' id='word_1_212' title='bbox 1808 2072 1879 2108; x_wconf 89' lang='lat' dir='ltr'>ex</span> <span class='ocrx_word' id='word_1_213' title='bbox 1933 2054 2149 2108; x_wconf 88' lang='lat' dir='ltr'>obiecto</span> <span class='ocrx_word' id='word_1_214' title='bbox 2191 2054 2479 2108; x_wconf 65' lang='lat' dir='ltr'>Ecclesiae</span> 
     </span>
     <span class='ocr_line' id='line_1_24' title="bbox 200 2140 2479 2212; baseline -0 -19"><span class='ocrx_word' id='word_1_215' title='bbox 200 2145 255 2193; x_wconf 91' lang='lat' dir='ltr'>et</span> <span class='ocrx_word' id='word_1_216' title='bbox 295 2140 535 2194; x_wconf 85' lang='lat' dir='ltr'>Romani</span> <span class='ocrx_word' id='word_1_217' title='bbox 577 2142 861 2194; x_wconf 85' lang='lat' dir='ltr'>Pontificis</span> <span class='ocrx_word' id='word_1_218' title='bbox 903 2141 1318 2212; x_wconf 88' lang='lat' dir='ltr'>aequiparando</span> <span class='ocrx_word' id='word_1_219' title='bbox 1362 2140 1563 2207; x_wconf 89' lang='lat' dir='ltr'>oritur,</span> <span class='ocrx_word' id='word_1_220' title='bbox 1617 2140 1894 2193; x_wconf 89' lang='lat' dir='ltr'>sublatum</span> <span class='ocrx_word' id='word_1_221' title='bbox 1936 2140 2031 2206; x_wconf 90' lang='lat' dir='ltr'>iri,</span> <span class='ocrx_word' id='word_1_222' title='bbox 2074 2159 2243 2211; x_wconf 93' lang='lat' dir='ltr'>quum</span> <span class='ocrx_word' id='word_1_223' title='bbox 2284 2145 2479 2211; x_wconf 61' lang='lat' dir='ltr'>postea</span> 
     </span>
     <span class='ocr_line' id='line_1_25' title="bbox 199 2226 2478 2297; baseline 0.001 -19"><span class='ocrx_word' id='word_1_224' title='bbox 199 2226 605 2280; x_wconf 86' lang='lat' dir='ltr'>infallibilitatis</span> <span class='ocrx_word' id='word_1_225' title='bbox 656 2226 943 2279; x_wconf 86' lang='lat' dir='ltr'>Ecclesiae</span> <span class='ocrx_word' id='word_1_226' title='bbox 995 2226 1274 2279; x_wconf 88' lang='lat' dir='ltr'>obiectum</span> <span class='ocrx_word' id='word_1_227' title='bbox 1329 2226 1638 2278; x_wconf 85' lang='lat' dir='ltr'>accuratius</span> <span class='ocrx_word' id='word_1_228' title='bbox 1693 2226 2122 2295; x_wconf 84' lang='lat' dir='ltr'>exprimendum</span> <span class='ocrx_word' id='word_1_229' title='bbox 2175 2227 2261 2280; x_wconf 89' lang='lat' dir='ltr'>sit.</span> <span class='ocrx_word' id='word_1_230' title='bbox 2341 2227 2478 2297; x_wconf 65' lang='lat' dir='ltr'>Sup-⁴</span> 
     </span>
     <span class='ocr_line' id='line_1_26' title="bbox 198 2311 2468 2383; baseline 0 -18"><span class='ocrx_word' id='word_1_231' title='bbox 198 2313 478 2383; x_wconf 84' lang='lat' dir='ltr'>ponende,</span> <span class='ocrx_word' id='word_1_232' title='bbox 521 2313 577 2365; x_wconf 92' lang='lat' dir='ltr'>id</span> <span class='ocrx_word' id='word_1_233' title='bbox 609 2313 791 2366; x_wconf 89' lang='lat' dir='ltr'>locum</span> <span class='ocrx_word' id='word_1_234' title='bbox 834 2331 951 2366; x_wconf 89' lang='lat' dir='ltr'>esse</span> <span class='ocrx_word' id='word_1_235' title='bbox 982 2312 1319 2379; x_wconf 89' lang='lat' dir='ltr'>habiturum,</span> <span class='ocrx_word' id='word_1_236' title='bbox 1363 2317 1418 2365; x_wconf 92' lang='lat' dir='ltr'>et</span> <span class='ocrx_word' id='word_1_237' title='bbox 1445 2312 1723 2365; x_wconf 88' lang='lat' dir='ltr'>obiectum</span> <span class='ocrx_word' id='word_1_238' title='bbox 1753 2311 2165 2365; x_wconf 87' lang='lat' dir='ltr'>infallibilitatis</span> <span class='ocrx_word' id='word_1_239' title='bbox 2191 2312 2468 2365; x_wconf 68' lang='lat' dir='ltr'>Ecclesiae</span> 
     </span>
     <span class='ocr_line' id='line_1_27' title="bbox 200 2398 2470 2468; baseline 0 -18"><span class='ocrx_word' id='word_1_240' title='bbox 200 2399 271 2451; x_wconf 90' lang='lat' dir='ltr'>ad</span> <span class='ocrx_word' id='word_1_241' title='bbox 312 2399 472 2468; x_wconf 88' lang='lat' dir='ltr'>plura</span> <span class='ocrx_word' id='word_1_242' title='bbox 523 2416 642 2452; x_wconf 91' lang='lat' dir='ltr'>esse</span> <span class='ocrx_word' id='word_1_243' title='bbox 696 2398 1143 2465; x_wconf 88' lang='lat' dir='ltr'>extendendum,</span> <span class='ocrx_word' id='word_1_244' title='bbox 1199 2399 1558 2451; x_wconf 90' lang='lat' dir='ltr'>nihilominus</span> <span class='ocrx_word' id='word_1_245' title='bbox 1600 2403 1882 2466; x_wconf 90' lang='lat' dir='ltr'>praestare</span> <span class='ocrx_word' id='word_1_246' title='bbox 1924 2398 2175 2465; x_wconf 84' lang='lat' dir='ltr'>videtur,</span> <span class='ocrx_word' id='word_1_247' title='bbox 2232 2398 2328 2451; x_wconf 91' lang='lat' dir='ltr'>illa</span> <span class='ocrx_word' id='word_1_248' title='bbox 2368 2398 2470 2451; x_wconf 90' lang='lat' dir='ltr'>for-</span> 
     </span>
     <span class='ocr_line' id='line_1_28' title="bbox 200 2483 2471 2555; baseline -0 -19"><span class='ocrx_word' id='word_1_249' title='bbox 200 2485 382 2538; x_wconf 87' lang='lat' dir='ltr'>mulae</span> <span class='ocrx_word' id='word_1_250' title='bbox 425 2484 595 2538; x_wconf 87' lang='lat' dir='ltr'>verba</span> <span class='ocrx_word' id='word_1_251' title='bbox 637 2485 862 2554; x_wconf 88' lang='lat' dir='ltr'>eligere,</span> <span class='ocrx_word' id='word_1_252' title='bbox 907 2502 1049 2555; x_wconf 89' lang='lat' dir='ltr'>quae</span> <span class='ocrx_word' id='word_1_253' title='bbox 1078 2484 1245 2537; x_wconf 91' lang='lat' dir='ltr'>etiam</span> <span class='ocrx_word' id='word_1_254' title='bbox 1275 2484 1364 2536; x_wconf 92' lang='lat' dir='ltr'>hic</span> <span class='ocrx_word' id='word_1_255' title='bbox 1406 2483 1755 2553; x_wconf 85' lang='lat' dir='ltr'>ambiguitati</span> <span class='ocrx_word' id='word_1_256' title='bbox 1796 2502 1907 2536; x_wconf 90' lang='lat' dir='ltr'>non</span> <span class='ocrx_word' id='word_1_257' title='bbox 1935 2483 2243 2553; x_wconf 87' lang='lat' dir='ltr'>praebeant</span> <span class='ocrx_word' id='word_1_258' title='bbox 2271 2501 2471 2537; x_wconf 89' lang='lat' dir='ltr'>ansam.</span> 
     </span>
    </p>

    <p class='ocr_par' dir='ltr' id='par_1_4' title="bbox 201 2569 2481 3326">
     <span class='ocr_line' id='line_1_29' title="bbox 354 2569 2472 2641; baseline -0 -19"><span class='ocrx_word' id='word_1_259' title='bbox 354 2570 712 2640; x_wconf 85' lang='lat' dir='ltr'>„Praeterea,</span> <span class='ocrx_word' id='word_1_260' title='bbox 775 2589 944 2641; x_wconf 90' lang='lat' dir='ltr'>quum</span> <span class='ocrx_word' id='word_1_261' title='bbox 987 2571 1075 2622; x_wconf 89' lang='lat' dir='ltr'>hic</span> <span class='ocrx_word' id='word_1_262' title='bbox 1117 2570 1395 2623; x_wconf 84' lang='lat' dir='ltr'>obiectum</span> <span class='ocrx_word' id='word_1_263' title='bbox 1447 2569 1859 2623; x_wconf 88' lang='lat' dir='ltr'>infallibilitatis</span> <span class='ocrx_word' id='word_1_264' title='bbox 1902 2569 2143 2622; x_wconf 85' lang='lat' dir='ltr'>Romani</span> <span class='ocrx_word' id='word_1_265' title='bbox 2196 2569 2472 2622; x_wconf 62' lang='lat' dir='ltr'>Pontifieis</span> 
     </span>
     <span class='ocr_line' id='line_1_30' title="bbox 201 2654 2475 2725; baseline -0.001 -17"><span class='ocrx_word' id='word_1_266' title='bbox 201 2657 270 2709; x_wconf 92' lang='lat' dir='ltr'>sit</span> <span class='ocrx_word' id='word_1_267' title='bbox 311 2657 646 2724; x_wconf 87' lang='lat' dir='ltr'>restrictum,</span> <span class='ocrx_word' id='word_1_268' title='bbox 690 2657 734 2708; x_wconf 90' lang='lat' dir='ltr'>si</span> <span class='ocrx_word' id='word_1_269' title='bbox 775 2663 968 2725; x_wconf 90' lang='lat' dir='ltr'>postea</span> <span class='ocrx_word' id='word_1_270' title='bbox 1011 2656 1366 2723; x_wconf 83' lang='lat' dir='ltr'>extendetur,</span> <span class='ocrx_word' id='word_1_271' title='bbox 1410 2673 1595 2708; x_wconf 92' lang='lat' dir='ltr'>nonne</span> <span class='ocrx_word' id='word_1_272' title='bbox 1626 2654 1825 2722; x_wconf 87' lang='lat' dir='ltr'>dicent,</span> <span class='ocrx_word' id='word_1_273' title='bbox 1870 2654 2179 2708; x_wconf 86' lang='lat' dir='ltr'>Concilium</span> <span class='ocrx_word' id='word_1_274' title='bbox 2222 2674 2331 2708; x_wconf 91' lang='lat' dir='ltr'>non</span> <span class='ocrx_word' id='word_1_275' title='bbox 2372 2655 2475 2707; x_wconf 88' lang='lat' dir='ltr'>sin-</span> 
     </span>
     <span class='ocr_line' id='line_1_31' title="bbox 202 2739 2476 2813; baseline -0 -20"><span class='ocrx_word' id='word_1_276' title='bbox 202 2759 327 2795; x_wconf 87' lang='lat' dir='ltr'>cere</span> <span class='ocrx_word' id='word_1_277' title='bbox 370 2742 566 2811; x_wconf 87' lang='lat' dir='ltr'>egisse,</span> <span class='ocrx_word' id='word_1_278' title='bbox 608 2742 786 2813; x_wconf 91' lang='lat' dir='ltr'>primo</span> <span class='ocrx_word' id='word_1_279' title='bbox 830 2742 1109 2795; x_wconf 88' lang='lat' dir='ltr'>obiectum</span> <span class='ocrx_word' id='word_1_280' title='bbox 1151 2741 1560 2812; x_wconf 91' lang='lat' dir='ltr'>restringendo,</span> <span class='ocrx_word' id='word_1_281' title='bbox 1603 2747 1797 2812; x_wconf 82' lang='lat' dir='ltr'>postea</span> <span class='ocrx_word' id='word_1_282' title='bbox 1839 2740 2238 2793; x_wconf 79' lang='lat' dir='ltr'>extendendo?</span> <span class='ocrx_word' id='word_1_283' title='bbox 2298 2739 2476 2793; x_wconf 78' lang='lat' dir='ltr'>Huius</span> 
     </span>
     <span class='ocr_line' id='line_1_32' title="bbox 202 2825 2478 2898; baseline -0.001 -19"><span class='ocrx_word' id='word_1_284' title='bbox 202 2828 512 2880; x_wconf 88' lang='lat' dir='ltr'>calumniae</span> <span class='ocrx_word' id='word_1_285' title='bbox 553 2828 1037 2898; x_wconf 86' lang='lat' dir='ltr'>praescinderetur</span> <span class='ocrx_word' id='word_1_286' title='bbox 1079 2828 1326 2894; x_wconf 87' lang='lat' dir='ltr'>occasio,</span> <span class='ocrx_word' id='word_1_287' title='bbox 1383 2828 1428 2880; x_wconf 87' lang='lat' dir='ltr'>si</span> <span class='ocrx_word' id='word_1_288' title='bbox 1470 2827 1748 2880; x_wconf 86' lang='lat' dir='ltr'>obiectum</span> <span class='ocrx_word' id='word_1_289' title='bbox 1790 2826 2200 2897; x_wconf 90' lang='lat' dir='ltr'>relinqueretur</span> <span class='ocrx_word' id='word_1_290' title='bbox 2240 2825 2478 2879; x_wconf 88' lang='lat' dir='ltr'>indeter-</span> 
     </span>
     <span class='ocr_line' id='line_1_33' title="bbox 202 2911 2479 2978; baseline -0 -14"><span class='ocrx_word' id='word_1_291' title='bbox 202 2915 488 2967; x_wconf 88' lang='lat' dir='ltr'>minatum.</span> <span class='ocrx_word' id='word_1_292' title='bbox 531 2944 600 2949; x_wconf 82' lang='lat'>-—</span> <span class='ocrx_word' id='word_1_293' title='bbox 644 2913 756 2966; x_wconf 80' lang='lat' dir='ltr'>Sed</span> <span class='ocrx_word' id='word_1_294' title='bbox 807 2913 1180 2966; x_wconf 88' lang='lat' dir='ltr'>abstrahendo</span> <span class='ocrx_word' id='word_1_295' title='bbox 1234 2914 1401 2966; x_wconf 89' lang='lat' dir='ltr'>etiam</span> <span class='ocrx_word' id='word_1_296' title='bbox 1444 2932 1476 2965; x_wconf 90' lang='lat' dir='ltr'>a</span> <span class='ocrx_word' id='word_1_297' title='bbox 1528 2912 1905 2964; x_wconf 89' lang='lat' dir='ltr'>calumniandi</span> <span class='ocrx_word' id='word_1_298' title='bbox 1946 2912 2260 2978; x_wconf 87' lang='lat' dir='ltr'>occasione,</span> <span class='ocrx_word' id='word_1_299' title='bbox 2315 2911 2479 2963; x_wconf 87' lang='lat' dir='ltr'>disse·</span> 
     </span>
     <span class='ocr_line' id='line_1_34' title="bbox 201 2996 2480 3069; baseline -0.001 -18"><span class='ocrx_word' id='word_1_300' title='bbox 201 2999 360 3052; x_wconf 90' lang='lat' dir='ltr'>rendi</span> <span class='ocrx_word' id='word_1_301' title='bbox 401 2999 619 3069; x_wconf 86' lang='lat' dir='ltr'>legibus</span> <span class='ocrx_word' id='word_1_302' title='bbox 662 3000 841 3051; x_wconf 91' lang='lat' dir='ltr'>minus</span> <span class='ocrx_word' id='word_1_303' title='bbox 880 3000 1103 3051; x_wconf 87' lang='lat' dir='ltr'>videtur</span> <span class='ocrx_word' id='word_1_304' title='bbox 1144 3017 1472 3069; x_wconf 84' lang='lat' dir='ltr'>congruere,</span> <span class='ocrx_word' id='word_1_305' title='bbox 1516 3004 1575 3050; x_wconf 90' lang='lat' dir='ltr'>ut</span> <span class='ocrx_word' id='word_1_306' title='bbox 1617 2998 1890 3051; x_wconf 91' lang='lat' dir='ltr'>obiectum</span> <span class='ocrx_word' id='word_1_307' title='bbox 1926 2998 2103 3068; x_wconf 91' lang='lat' dir='ltr'>primo</span> <span class='ocrx_word' id='word_1_308' title='bbox 2134 3015 2258 3049; x_wconf 91' lang='lat' dir='ltr'>cum</span> <span class='ocrx_word' id='word_1_309' title='bbox 2300 2996 2480 3049; x_wconf 91' lang='lat' dir='ltr'>deter-</span> 
     </span>
     <span class='ocr_line' id='line_1_35' title="bbox 202 3082 2481 3154; baseline -0 -18"><span class='ocrx_word' id='word_1_310' title='bbox 202 3085 410 3137; x_wconf 90' lang='lat' dir='ltr'>minata</span> <span class='ocrx_word' id='word_1_311' title='bbox 432 3085 780 3137; x_wconf 87' lang='lat' dir='ltr'>restrictione</span> <span class='ocrx_word' id='word_1_312' title='bbox 809 3084 1091 3145; x_wconf 81' lang='lat' dir='ltr'>efferatur,</span> <span class='ocrx_word' id='word_1_313' title='bbox 1112 3090 1307 3154; x_wconf 89' lang='lat' dir='ltr'>postea</span> <span class='ocrx_word' id='word_1_314' title='bbox 1326 3084 1755 3138; x_wconf 89' lang='lat' dir='ltr'>indeterminate</span> <span class='ocrx_word' id='word_1_315' title='bbox 1776 3088 2106 3154; x_wconf 87' lang='lat' dir='ltr'>exponatur.</span> <span class='ocrx_word' id='word_1_316' title='bbox 2142 3082 2481 3152; x_wconf 87' lang='lat' dir='ltr'>Plerumque</span> 
     </span>
     <span class='ocr_line' id='line_1_36' title="bbox 202 3167 2481 3241; baseline -0.001 -19"><span class='ocrx_word' id='word_1_317' title='bbox 202 3171 350 3223; x_wconf 92' lang='lat' dir='ltr'>enim</span> <span class='ocrx_word' id='word_1_318' title='bbox 392 3171 482 3223; x_wconf 77' lang='lat' dir='ltr'>via</span> <span class='ocrx_word' id='word_1_319' title='bbox 522 3171 795 3223; x_wconf 88' lang='lat' dir='ltr'>contraria</span> <span class='ocrx_word' id='word_1_320' title='bbox 837 3170 1064 3241; x_wconf 90' lang='lat' dir='ltr'>procedi</span> <span class='ocrx_word' id='word_1_321' title='bbox 1106 3170 1271 3237; x_wconf 90' lang='lat' dir='ltr'>solet,</span> <span class='ocrx_word' id='word_1_322' title='bbox 1312 3176 1372 3222; x_wconf 91' lang='lat' dir='ltr'>ut</span> <span class='ocrx_word' id='word_1_323' title='bbox 1412 3169 1702 3235; x_wconf 85' lang='lat' dir='ltr'>videlicet,</span> <span class='ocrx_word' id='word_1_324' title='bbox 1753 3168 1901 3240; x_wconf 92' lang='lat' dir='ltr'>quod</span> <span class='ocrx_word' id='word_1_325' title='bbox 1940 3168 2117 3240; x_wconf 90' lang='lat' dir='ltr'>primo</span> <span class='ocrx_word' id='word_1_326' title='bbox 2159 3167 2481 3220; x_wconf 90' lang='lat' dir='ltr'>indetermi-</span> 
     </span>
     <span class='ocr_line' id='line_1_37' title="bbox 202 3254 2222 3326; baseline -0 -18"><span class='ocrx_word' id='word_1_327' title='bbox 202 3260 331 3308; x_wconf 91' lang='lat' dir='ltr'>nate</span> <span class='ocrx_word' id='word_1_328' title='bbox 372 3255 487 3308; x_wconf 87' lang='lat' dir='ltr'>sive</span> <span class='ocrx_word' id='word_1_329' title='bbox 530 3262 861 3326; x_wconf 88' lang='lat' dir='ltr'>conceptum</span> <span class='ocrx_word' id='word_1_330' title='bbox 902 3257 1018 3309; x_wconf 90' lang='lat' dir='ltr'>sive</span> <span class='ocrx_word' id='word_1_331' title='bbox 1062 3274 1388 3326; x_wconf 87' lang='lat' dir='ltr'>expressum</span> <span class='ocrx_word' id='word_1_332' title='bbox 1430 3261 1528 3322; x_wconf 89' lang='lat' dir='ltr'>est,</span> <span class='ocrx_word' id='word_1_333' title='bbox 1571 3261 1764 3326; x_wconf 87' lang='lat' dir='ltr'>postea</span> <span class='ocrx_word' id='word_1_334' title='bbox 1804 3254 2222 3307; x_wconf 90' lang='lat' dir='ltr'>determinetur.</span> 
     </span>
    </p>

    <p class='ocr_par' dir='ltr' id='par_1_5' title="bbox 203 3337 2483 3836">
     <span class='ocr_line' id='line_1_38' title="bbox 357 3337 2482 3411; baseline -0.002 -17"><span class='ocrx_word' id='word_1_335' title='bbox 357 3341 553 3408; x_wconf 84' lang='lat' dir='ltr'>„Patet</span> <span class='ocrx_word' id='word_1_336' title='bbox 594 3341 792 3411; x_wconf 90' lang='lat' dir='ltr'>igitur,</span> <span class='ocrx_word' id='word_1_337' title='bbox 847 3361 992 3394; x_wconf 81' lang='lat' dir='ltr'>nova</span> <span class='ocrx_word' id='word_1_338' title='bbox 1033 3342 1136 3394; x_wconf 91' lang='lat' dir='ltr'>hac</span> <span class='ocrx_word' id='word_1_339' title='bbox 1179 3341 1419 3395; x_wconf 90' lang='lat' dir='ltr'>formula</span> <span class='ocrx_word' id='word_1_340' title='bbox 1458 3360 1568 3395; x_wconf 92' lang='lat' dir='ltr'>non</span> <span class='ocrx_word' id='word_1_341' title='bbox 1610 3341 1787 3393; x_wconf 81' lang='lat' dir='ltr'>videri</span> <span class='ocrx_word' id='word_1_342' title='bbox 1828 3339 1966 3392; x_wconf 93' lang='lat' dir='ltr'>illud</span> <span class='ocrx_word' id='word_1_343' title='bbox 2010 3339 2279 3405; x_wconf 87' lang='lat' dir='ltr'>obtineri,</span> <span class='ocrx_word' id='word_1_344' title='bbox 2334 3337 2482 3409; x_wconf 90' lang='lat' dir='ltr'>quod</span> 
     </span>
     <span class='ocr_line' id='line_1_39' title="bbox 203 3422 2482 3495; baseline -0.001 -18"><span class='ocrx_word' id='word_1_345' title='bbox 203 3427 447 3479; x_wconf 88' lang='lat' dir='ltr'>maxime</span> <span class='ocrx_word' id='word_1_346' title='bbox 490 3426 795 3479; x_wconf 88' lang='lat' dir='ltr'>curandum</span> <span class='ocrx_word' id='word_1_347' title='bbox 839 3433 949 3493; x_wconf 90' lang='lat' dir='ltr'>est,</span> <span class='ocrx_word' id='word_1_348' title='bbox 1003 3432 1064 3479; x_wconf 92' lang='lat' dir='ltr'>ut</span> <span class='ocrx_word' id='word_1_349' title='bbox 1103 3427 1364 3480; x_wconf 77' lang='lat' dir='ltr'>videlicet</span> <span class='ocrx_word' id='word_1_350' title='bbox 1406 3426 1659 3480; x_wconf 90' lang='lat' dir='ltr'>omnibus</span> <span class='ocrx_word' id='word_1_351' title='bbox 1701 3426 2046 3495; x_wconf 86' lang='lat' dir='ltr'>apertissime</span> <span class='ocrx_word' id='word_1_352' title='bbox 2089 3428 2331 3492; x_wconf 89' lang='lat' dir='ltr'>constet,</span> <span class='ocrx_word' id='word_1_353' title='bbox 2389 3422 2482 3476; x_wconf 89' lang='lat' dir='ltr'>ob-</span> 
     </span>
     <span class='ocr_line' id='line_1_40' title="bbox 203 3511 2483 3584; baseline -0.001 -20"><span class='ocrx_word' id='word_1_354' title='bbox 203 3512 407 3565; x_wconf 89' lang='lat' dir='ltr'>iectum</span> <span class='ocrx_word' id='word_1_355' title='bbox 461 3513 876 3566; x_wconf 87' lang='lat' dir='ltr'>infallibilitatis</span> <span class='ocrx_word' id='word_1_356' title='bbox 929 3513 1247 3584; x_wconf 88' lang='lat' dir='ltr'>pontificiae</span> <span class='ocrx_word' id='word_1_357' title='bbox 1299 3531 1363 3566; x_wconf 87' lang='lat' dir='ltr'>eo</span> <span class='ocrx_word' id='word_1_358' title='bbox 1416 3531 1592 3583; x_wconf 87' lang='lat' dir='ltr'>usque</span> <span class='ocrx_word' id='word_1_359' title='bbox 1646 3511 1903 3576; x_wconf 90' lang='lat' dir='ltr'>extendi,</span> <span class='ocrx_word' id='word_1_360' title='bbox 1961 3528 2246 3581; x_wconf 89' lang='lat' dir='ltr'>quousque</span> <span class='ocrx_word' id='word_1_361' title='bbox 2289 3514 2483 3562; x_wconf 89' lang='lat' dir='ltr'>exten-</span> 
     </span>
     <span class='ocr_line' id='line_1_41' title="bbox 205 3588 2483 3668; baseline -0.001 -20"><span class='ocrx_word' id='word_1_362' title='bbox 205 3597 352 3650; x_wconf 89' lang='lat' dir='ltr'>ditur</span> <span class='ocrx_word' id='word_1_363' title='bbox 403 3588 576 3668; x_wconf 87' lang='lat' dir='ltr'>ipsius</span> <span class='ocrx_word' id='word_1_364' title='bbox 616 3599 904 3652; x_wconf 90' lang='lat' dir='ltr'>Ecclesiae</span> <span class='ocrx_word' id='word_1_365' title='bbox 956 3598 1353 3666; x_wconf 81' lang='lat' dir='ltr'>infallibilitas3</span> <span class='ocrx_word' id='word_1_366' title='bbox 1415 3598 1512 3651; x_wconf 92' lang='lat' dir='ltr'>sed</span> <span class='ocrx_word' id='word_1_367' title='bbox 1568 3616 1758 3650; x_wconf 90' lang='lat' dir='ltr'>ansam</span> <span class='ocrx_word' id='word_1_368' title='bbox 1800 3595 2056 3665; x_wconf 88' lang='lat' dir='ltr'>praeberi</span> <span class='ocrx_word' id='word_1_369' title='bbox 2111 3593 2483 3662; x_wconf 87' lang='lat' dir='ltr'>existimandi,</span> 
     </span>
     <span class='ocr_line' id='line_1_42' title="bbox 204 3679 2482 3753; baseline -0.001 -19"><span class='ocrx_word' id='word_1_370' title='bbox 204 3681 444 3735; x_wconf 83' lang='lat' dir='ltr'>Romani</span> <span class='ocrx_word' id='word_1_371' title='bbox 484 3683 769 3736; x_wconf 82' lang='lat' dir='ltr'>Pontificis</span> <span class='ocrx_word' id='word_1_372' title='bbox 822 3683 1275 3736; x_wconf 85' lang='lat' dir='ltr'>infallibilitatem</span> <span class='ocrx_word' id='word_1_373' title='bbox 1330 3683 1619 3753; x_wconf 87' lang='lat' dir='ltr'>restringi,</span> <span class='ocrx_word' id='word_1_374' title='bbox 1676 3687 1770 3734; x_wconf 92' lang='lat' dir='ltr'>aut</span> <span class='ocrx_word' id='word_1_375' title='bbox 1822 3682 1964 3734; x_wconf 89' lang='lat' dir='ltr'>iusto</span> <span class='ocrx_word' id='word_1_376' title='bbox 2019 3681 2181 3733; x_wconf 90' lang='lat' dir='ltr'>nimis</span> <span class='ocrx_word' id='word_1_377' title='bbox 2222 3679 2482 3748; x_wconf 86' lang='lat' dir='ltr'>restringi</span> 
     </span>
     <span class='ocr_line' id='line_1_43' title="bbox 204 3767 1294 3836; baseline 0.003 -19"><span class='ocrx_word' id='word_1_378' title='bbox 204 3767 375 3836; x_wconf 87' lang='lat' dir='ltr'>ipsius</span> <span class='ocrx_word' id='word_1_379' title='bbox 416 3768 703 3821; x_wconf 90' lang='lat' dir='ltr'>Ecclesiae</span> <span class='ocrx_word' id='word_1_380' title='bbox 744 3768 1252 3822; x_wconf 78' lang='lat' dir='ltr'>infallibilitatem.“</span> <span class='ocrx_word' id='word_1_381' title='bbox 1279 3768 1294 3799; x_wconf 80' lang='lat'><strong>¹</strong></span> 
     </span>
    </p>
   </div>
   <div class='ocr_carea' id='block_1_3' title="bbox 215 3888 745 3893">
    <p class='ocr_par' dir='ltr' id='par_1_6' title="bbox 215 3888 745 3893">
     <span class='ocr_line' id='line_1_44' title="bbox 215 3888 745 3893; baseline 0 0"><span class='ocrx_word' id='word_1_382' title='bbox 215 3888 745 3893; x_wconf 95' lang='lat' dir='ltr'> </span> 
     </span>
    </p>
   </div>
   <div class='ocr_carea' id='block_1_4' title="bbox 360 3944 1900 4007">
    <p class='ocr_par' dir='ltr' id='par_1_7' title="bbox 360 3944 1900 4007">
     <span class='ocr_line' id='line_1_45' title="bbox 360 3944 1900 4007; baseline -0.002 -13"><span class='ocrx_word' id='word_1_383' title='bbox 360 3948 371 3973; x_wconf 87' lang='lat'><strong>¹</strong></span> <span class='ocrx_word' id='word_1_384' title='bbox 412 3946 713 3994; x_wconf 80' lang='lat' dir='ltr'>Fasciculus</span> <span class='ocrx_word' id='word_1_385' title='bbox 752 3946 1170 3995; x_wconf 89' lang='lat' dir='ltr'>emendationum</span> <span class='ocrx_word' id='word_1_386' title='bbox 1211 3950 1307 3994; x_wconf 88' lang='lat' dir='ltr'>etc.</span> <span class='ocrx_word' id='word_1_387' title='bbox 1381 3944 1435 3994; x_wconf 80' lang='lat' dir='ltr'>G.</span> <span class='ocrx_word' id='word_1_388' title='bbox 1475 3944 1536 3993; x_wconf 90' lang='lat' dir='ltr'>V.</span> <span class='ocrx_word' id='word_1_389' title='bbox 1579 3946 1749 3992; x_wconf 79' lang='lat' dir='ltr'>1706a</span> <span class='ocrx_word' id='word_1_390' title='bbox 1789 3960 1900 4007; x_wconf 89' lang='lat' dir='ltr'>sqq.</span> 
     </span>
    </p>
   </div>
  </div>
 </body>
</html>
